% Encoding: UTF-8

%PAGINA PROYECTO ABC4EU
@Misc{ABC4EUOnline,
  author       = {ABC4EU},
  title        = {ABC4EU FP7 research project},
  howpublished = {url:{http://abc4eu.com}},
  year         = {2014},
  urldate      = {2014},
}

%LECTURA Y ENCRIPTADO DE PASAPORTES
@inproceedings{abdal2016authentication,
  title         ={Authentication enhancement techniques for BAC in 2G E-passport},
  author        ={Abdal-Ghafour, Nermeen M and Abdel-Hamid, Ayman A and Nasr, Mohamed E and Khamis, Salah A},
  booktitle     ={2016 12th International Conference on Innovations in Information Technology (IIT)},
  pages         ={1--6},
  year          ={2016},
  organization  ={IEEE}
}

%PROPONE UN ALGORIMTO DE RECONOMINETO FACIAL, QUE INTNTA HACER FRENTE AL PROBLEMA DE LA POSE, MEDIANTE MODELOS ELASTICOS 3D
@article{abiantun2014sparse,
  title         ={Sparse feature extraction for pose-tolerant face recognition},
  author        ={Abiantun, Ramzi and Prabhu, Utsav and Savvides, Marios},
  journal       ={IEEE transactions on pattern analysis and machine intelligence},
  volume        ={36},
  number        ={10},
  pages         ={2061--2073},
  year          ={2014},
  publisher     ={IEEE}
}


%PAGINA OFICIAL DEL AEROPUERTO ADOLFO SUAREZ MADRID BARRAJAS
@Misc{ACI2016,
  author       = {Airports Council International (ACI)},
  title        = {Year to date passenger traffic DEC 2015},
  howpublished = {url:{ http://www.aci.aero/Data-Centre/Monthly-Traffic-Data/Passenger-Summary/Year-to-date/}},
  year         = {2016},
  urldate      = {2016},
}


%PAGINA OFICIAL DEL AEROPUERTO ADOLFO SUAREZ MADRID BARRAJAS
@Misc{aeropuertoMadridBarajas,
  author       = {Aeropuerto Adolfo Suarez Madrid-Barajas},
  title        = {Aeropuerto Adolfo Suarez Madrid-Barajas},
  howpublished = {url:{https://www.aeropuertomadrid-barajas.com/}},
  year         = {2018},
  urldate      = {2018},
}

%DETECION DEL MORPHING MEDIANTE WLMP QUE ES SIMILAR A LBP PERO SIN VINARIZAR EL DESCRIPTOR TIENE EN CUANTA LA DIFERENCIA
@InProceedings{agarwal2017swapped,
  author       = {Agarwal, Akshay and Singh, Richa and Vatsa, Mayank and Noore, Afzel},
  title        = {SWAPPED! Digital face presentation attack detection via weighted local magnitude pattern},
  booktitle    = {2017 IEEE International Joint Conference on Biometrics (IJCB)},
  year         = {2017},
  pages        = {659--665},
  organization = {IEEE},
}

%DETECION DE PAD DE ATAQUES CON MASCARAS DE SILICONA CON REDES DE NEURONAS (MascarasSiliconaCNN)
@InProceedings{agarwal2017face,
  author    = {Agarwal, Akshay and Yadav, Daksha and Kohli, Naman and Singh, Richa and Vatsa, Mayank and Noore, Afzel},
  title     = {Face presentation attack with latex masks in multispectral videos},
  booktitle = {Proceedings of the IEEE Conference on Computer Vision and Pattern Recognition Workshops},
  year      = {2017},
  pages     = {81--89},
}

%DETECION DE ATAQUES MEDINTE LIVENESS PARAPADEO (LivenessTrackingGaza)
@InProceedings{ali2012liveness,
  author       = {Ali, Asad and Deravi, Farzin and Hoque, Sanaul},
  title        = {Liveness detection using gaze collinearity},
  booktitle    = {2012 Third International Conference on Emerging Security Technologies},
  year         = {2012},
  pages        = {62--65},
  organization = {IEEE},
}

%HUELLAS DACTILARES EN ABCS
@inproceedings{anand2016enhancing,
  title         ={Enhancing fingerprint biometrics in automated border control with adaptive cohorts},
  author        ={Anand, Abhinav and Labati, Ruggero Donida and Genovese, Angelo and Munoz, Enrique and Piuri, Vincenzo and Scotti, Fabio and Sforza, Gianluca},
  booktitle     ={2016 IEEE Symposium Series on Computational Intelligence (SSCI)},
  pages         ={1--8},
  year          ={2016},
  organization  ={IEEE}
}

%SITEMAS DE PAD PARA ATAQUES DE FOTO (PrintAttack)
@InProceedings{anjos2011counter,
  author       = {Anjos, Andr{'e} and Marcel, Sebastien},
  title        = {Counter-measures to photo attacks in face recognition a public database and a baseline},
  booktitle    = {2011 international joint conference on Biometrics (IJCB)},
  year         = {2011},
  pages        = {1--7},
  organization = {IEEE},
}

%PAGINA DE LA EMPRESA ARH
@Misc{ARHOnline,
  author       = {ARH},
  title        = {ARH},
  howpublished = {url:{http://www.arh.hu}},
  year         = {2018},
  urldate      = {2018},
}

%DETECCION DE QUE UNA IAMGEN A SIDO MODIFICADA (TDALBPMorphing)
%DETECCION DEL MORPHIN BASANDOSE EN TDA (Topological Data Analysis) CON LBP Y SVM
@InProceedings{asaad2017topological,
  author       = {Asaad, Aras and Jassim, Sabah},
  title        = {Topological data analysis for image tampering detection},
  booktitle    = {International Workshop on Digital Watermarking},
  year         = {2017},
  pages        = {136--146},
  organization = {Springer},
}

%ANALISIS DE LOS CONTORLES DE SEGURIDAD Y PPRIBACIDAD EN LA BIOMETRIA DE HUELLAS DACTIALRES 
@inproceedings{barni2010privacy,
  title         ={Privacy-preserving fingercode authentication},
  author        ={Barni, Mauro and Bianchi, Tiziano and Catalano, Dario and Di Raimondo, Mario and Donida Labati, Ruggero and Failla, Pierluigi and Fiore, Dario and Lazzeretti, Riccardo and Piuri, Vincenzo and Scotti, Fabio and others},
  booktitle     ={Proceedings of the 12th ACM workshop on Multimedia and security},
  pages         ={231--240},
  year          ={2010},
  organization  ={ACM}
}

%PAPER QUE DEFINE EL DESCRIPTOR SURF
@Article{bay2008speeded,
  author    = {Bay, Herbert and Ess, Andreas and Tuytelaars, Tinne and Van Gool, Luc},
  title     = {Speeded-up robust features (SURF)},
  journal   = {Computer vision and image understanding},
  year      = {2008},
  volume    = {110},
  number    = {3},
  pages     = {346--359},
  publisher = {Elsevier},
}

%ARTICULO QUE DEMUESTRA LA DIFICULTAD PARA DETECTAR EL MORPHING DE CARA (HUMANOS)
@Article{beale1995categorical,
  author    = {Beale, James M and Keil, Frank C},
  title     = {Categorical effects in the perception of faces},
  journal   = {Cognition},
  year      = {1995},
  volume    = {57},
  number    = {3},
  pages     = {217--239},
  publisher = {Elsevier},
}


%PROYECTO EUROPEO DE SISTEMAS ABC
@article{berglund2008frontex,
  title={Frontex perspectives on biometrics for border checks},
  author={Berglund, Erik and Karbauskaite, Rasa},
  journal={BIOSIG 2008: Biometrics and Electronic Signatures},
  year={2008},
  publisher={Gesellschaft f{\"u}r Informatik e. V.}
}

%RECOPILATORIO DE PAD
@InCollection{bhattacharjee2019recent,
  author    = {Bhattacharjee, Sushil and Mohammadi, Amir and Anjos, Andre and Marcel, Sebastien},
  title     = {Recent Advances in Face Presentation Attack Detection},
  booktitle = {Handbook of Biometric Anti-Spoofing},
  publisher = {Springer},
  year      = {2019},
  pages     = {207--228},
}

%RECONOCIMEINTO DE ATAQUES CON MASCARA DE SILICONA
@InProceedings{bhattacharjee2018spoofing,
  author       = {Bhattacharjee, Sushil and Mohammadi, Amir and Marcel, Sebastien},
  title        = {Spoofing deep face recognition with custom silicone masks},
  booktitle    = {2018 IEEE 9th International Conference on Biometrics Theory, Applications and Systems (BTAS)},
  year         = {2018},
  pages        = {1--7},
  organization = {IEEE},
}

%ARTICULO DEL PROYECTO MOBILEPASS SITEMAS ABC MOVILES (ABC-MobilePass)
@Article{blanco2018mobile,
  author    = {Blanco-Gonzalo, Ramon and Sanchez-Reillo, Raul and Goicoechea-Telleria, Ines and Strobl, Bernhard},
  title     = {The Mobile Pass Project A User Interaction Evaluation},
  journal   = {IEEE Transactions on Human-Machine Systems},
  year      = {2018},
  volume    = {48},
  number    = {3},
  pages     = {311--315},
  publisher = {IEEE},
}

%PAGINA DE LA COMPAÑIA BOEING
@Misc{BoeingOnline,
  author  = {Boeing company},
  title   = {Boeing company},
  date    = {2020},
  url     = {url:{https://www.boeing.com/}},
}

%INFORMER DE BOING 2016
@Article{Boeing2016,
  title     ={2016 annual report Boeing company},
  author    ={Boeing company},
  journal   ={Report Boeing},
  url       = {https://s2.q4cdn.com/661678649/files/doc_financials/annual/2016/2016\-Annual\-Report.pdf},
  year      = {2016},
}

%LIBRO RECOPILATORIO CON LOS PRINCIPALES ESTUDIOS SOBRE PAD
@book{bowyer2016handbook,
  title     ={Handbook of iris recognition},
  author    ={Bowyer, Kevin W and Burge, Mark J},
  year      ={2016},
  publisher ={Springer}
}


%ARTICULO SOBRE LAS FRONTERAS DE LA ZONA SHENGEN
@article{brom2010greedy,
  title         ={‘Greedy’Information Technology: The Digitalization of the European Migration Policy},
  author        ={Brom, Frans WA and Besters, Michiel},
  journal       ={European Journal of Migration and Law},
  volume        ={12},
  number        ={4},
  pages         ={455--470},
  year          ={2010},
  publisher     ={Brill Nijhoff}
}

%LIBRO RECOPILATORIO CON LOS PRINCIPALES ESTUDIOS SOBRE PAD
@InCollection{busch2019standards,
  author    = {Busch, Christoph},
  title     = {Standards for Biometric Presentation Attack Detection},
  booktitle = {Handbook of Biometric Anti-Spoofing},
  publisher = {Springer},
  year      = {2019},
  pages     = {503--514},
}

%PAGINA DE BSI EMPRESA DEDICADA A CREAR ESTANDARES
@Misc{BSIOnline,
  author  = {Federal Office for Information Security},
  title   = {Federal Office for Information Security},
  date    = {2020},
  url     = {url:{https://www.bsi.bund.de}},
}

%BSI ESTANDAR HUELLAS BIOMETRIA
@TechReport{BSI-TR-03121,
  author      = {Federal Office for Information Security (BSI)},
  title       = {BSI TR-03121 Technical Guideline Biometrics for Public Sector Applications},
  institution = {Federal Office for Information Security (BSI)},
  year        = {2019},
  type        = {Standard},
  address     = {Geneva, CH},
  month       = {mar},
  key         = {BSI TR-03121},
  volume      = {2012},
}

%PAPER DE VGG2 PARA TOMAR NOTAS DEL ENTRENAMIENTO
@InProceedings{cao2018vggface2,
  title         ={Vggface2: A dataset for recognising faces across pose and age},
  author        ={Cao, Qiong and Shen, Li and Xie, Weidi and Parkhi, Omkar M and Zisserman, Andrew},
  booktitle     ={2018 13th IEEE International Conference on Automatic Face \& Gesture Recognition (FG 2018)},
  pages         ={67--74},
  year          ={2018},
  organization  ={IEEE}
}


%MULTIBIOMETRIA APLICADA A LOS SISTEMAS ABC
@inproceedings{cantarero2013multi,
  title         ={A multi-modal biometric fusion implementation for ABC systems},
  author        ={Cantarero, Daniel Cuesta and Herrero, David Antonio P{\'e}rez and M{\'e}ndez, Fernando Mart{\'\i}n},
  booktitle     ={2013 European Intelligence and Security Informatics Conference},
  pages         ={277--280},
  year          ={2013},
  organization  ={IEEE}
}

%BASE DE DATOS DE CASIA
@article{CASIAWebFace_DataBase,
  title     ={Learning face representation from scratch},
  author    ={Yi, Dong and Lei, Zhen and Liao, Shengcai and Li, Stan Z},
  journal   ={arXiv preprint arXiv:1411.7923},
  year      ={2014}
}

%INFORME DE FRONTERAS AMERICANAS 2018
@TechReport{cbp2018snapshot,
  author        = {United States Customs and Border Protection},
  title         = {CBP snapshot of operations},
  institution   = {United States Customs and Border Protection},
  year          = {2018},
  type          = {Report},
  howpublished  ="\url{https://www.cbp.gov/sites/default/files/assets/documents/2018-Dec/cbp-Snapshot-12102018-508.pdf}",
  note="[Online: accessed 14-Oct-2019]"
}

%PAGINA DE CEN LA AGENCIA EUROPERA PARA LA CREACION DE ESTANDARES
@Misc{CENOnline,
  author  = {European Committee for Standardization},
  title   = {European Committee for Standardization},
  date    = {2020},
  url     = {url:{https://www.cen.eu}},
}

%STANDAR EUROPEO SOBRE LOS SISTEMAS ABC
@techreport{CEN/TS16634:2014,
  address     = {Geneva, CH},
  type        = {Standard},
  title       = {Personal identification - Recommendations for using biometrics in European Automated Border Control},
  shorttitle  = {{CEN}/{TS}  16634:2014},
  url         = {https://standards.cen.eu/dyn/www/f?p=204:110:0::::FSP_PROJECT,FSP_ORG_ID:62504,6205&cs=11EF1CF69ABB4BCC62C0B57BFEB50CB54},
  language    = {en},
  number      = {CEN/TS 16634:2014},
  institution = {European Committee for Standardization},
  author      = {CEN Central Secretary},
  year        = {2014}
}

%RECONOCIMIENTO FACIAL CON REDERS DE CONVOLUCIÓNN
@inproceedings{chen2016unconstrained,
  title         ={Unconstrained face verification using deep cnn features},
  author        ={Chen, Jun-Cheng and Patel, Vishal M and Chellappa, Rama},
  booktitle     ={2016 IEEE winter conference on applications of computer vision (WACV)},
  pages         ={1--9},
  year          ={2016},
  organization  ={IEEE}
}

%PRIMER PAPER QUE USA LBP Y SVM PARA PAD  
%CREA LA BASE DE DATOS REPLAY ATTACKS
@InProceedings{chingovska2012effectiveness,
  author       = {Chingovska, Ivana and Anjos, Andr{'e} and Marcel, S{'e}bastien},
  title        = {On the effectiveness of local binary patterns in face anti-spoofing},
  booktitle    = {2012 BIOSIG-proceedings of the international conference of biometrics special interest group (BIOSIG)},
  year         = {2012},
  pages        = {1--7},
  organization = {IEEE},
}

%RECONOCIMIENTO DEL IRIS, HACER FRENTE AL PROBLEMA DE LA POSE
@article{chou2009non,
  title         ={Non-orthogonal view iris recognition system},
  author        ={Chou, Chia-Te and Shih, Sheng-Wen and Chen, Wen-Shiung and Cheng, Victor W and Chen, Duan-Yu},
  journal       ={IEEE Transactions on Circuits and Systems for Video Technology},
  volume        ={20},
  number        ={3},
  pages         ={417--430},
  year          ={2009},
  publisher     ={IEEE}
}

%DESCRIBE UN SISTEMA MULTIBIOMETRICO ADAPTADO A LOS EPASSPORT, SIMILAR AL USADO EN LOS ABC
@inproceedings{cimato2006personal,
  title         ={Personal identification and verification using multimodal biometric data},
  author        ={Cimato, Stelvio and Gamassi, Marco and Piuri, Vincenzo and Sana, Daniele and Sassi, Roberto and Scotti, Fabio},
  booktitle     ={2006 IEEE International Conference on Computational Intelligence for Homeland Security and Personal Safety},
  pages         ={41--45},
  year          ={2006},
  organization  ={IEEE}
}

%PROPONE UN SISTEMA MULTIBIOMETRICO USANDO BIOMETRIA DATILAR Y BIOMETRIA DEL IRIS
@inproceedings{cimato2008privacy,
  title         ={Privacy-aware biometrics: Design and implementation of a multimodal verification system},
  author        ={Cimato, Stelvio and Gamassi, Marco and Piuri, Vincenzo and Sassi, Roberto and Scotti, Fabio},
  booktitle     ={2008 Annual computer security applications conference (ACSAC)},
  pages         ={130--139},
  year          ={2008},
  organization  ={IEEE}
}

%PAGINA DE COGNITEC,
@misc{cognitec2019url,
  author        = {Cognitec Systems},
  title         = {cognitec},
  year          = {2019},
  howpublished  = "\url{https://www.cognitec.com/}",
  note          ="[Online: accessed 14-Oct-2019]"
}

%REOCPILATORIO DE PAD PADReview,
@InProceedings{damer2016practical,
  author    = {Damer, Naser and Dimitrov, Kristiyan and Wilson, RC and Hancock, ER and Smith, WAP},
  title     = {Practical View on Face Presentation Attack Detection},
  booktitle = {BMVC},
  year      = {2016},
}

%USAR REDES DE CONVOLCUION DGAN PARA CONSTRUIR Y DETECTAR ATAQUES DE MORPHING
@InProceedings{damer2018morgan,
  author       = {Damer, Naser and Saladi{'e}, Alexandra Mosegu{'i} and Braun, Andreas and Kuijper, Arjan},
  title        = {MorGAN Recognition vulnerability and attack detectability of face morphing attacks created by generative adversarial network},
  booktitle    = {2018 IEEE 9th International Conference on Biometrics Theory, Applications and Systems (BTAS)},
  year         = {2018},
  pages        = {1--10},
  organization = {IEEE},
}

%ALGORITMO PARA RECONOMIENTO DEL IRIS
@incollection{daugman2009iris,
  title     ={How iris recognition works},
  author    ={Daugman, John},
  booktitle ={The essential guide to image processing},
  pages     ={715--739},
  year      ={2009},
  publisher ={Elsevier}
}

%BIOMETRIA DEL IRIS EN LOS SISTEMAS DE ABC DE CRUCE DE FRONTERAS
@article{daugman2015iris,
  title         ={Iris recognition at airports and border crossings},
  author        ={Daugman, John},
  journal       ={Encyclopedia of Biometrics},
  pages         ={998--1004},
  year          ={2015},
  publisher     ={Springer}
}

%HUELLA DACTILAR, DEDO MUERTO. LIVENESS, DETECCION DE VIDA
@Inbook{deadFinger,
  editor    = "Li, Stan Z. and Jain, Anil",
  title     = "Dead Finger Detection",
  bookTitle = "Encyclopedia of Biometrics",
  year      = "2009",
  publisher = "Springer US",
  address   = "Boston, MA",
  pages     = "210--210",
  isbn      = "978-0-387-73003-5",
  doi=      " 10.1007/978-0-387-73003-5_2113",
  url       = "https://doi.org/10.1007/978-0-387-73003-5_2113"
}

%DETECCION DEL MORPHING CON REDES CONVOLUCIONALES GAN
@InProceedings{debiasi2019detection,
  author       = {Debiasi, Luca and Damer, Naser and Saladi{'e}, Alexandra Mosegu{'i} and Rathgeb, Christian and Scherhag, Ulrich and Busch, Christoph and Kirchbuchner, Florian and Uhl, Andreas},
  title        = {On the Detection of GAN-Based Face Morphs Using Established Morph Detectors},
  booktitle    = {International Conference on Image Analysis and Processing},
  year         = {2019},
  pages        = {345--356},
  organization = {Springer},
}

%DETECION DEL MORPHING ANALIZANDO LA UNIFORMIDAD DE LA IMAGEN PRNU, ANALIZANDO EL ESPECTRO (creo que por regiones)
@InProceedings{debiasi2018prnuvar,
  author       = {Debiasi, Luca and Rathgeb, Christian and Scherhag, Ulrich and Uhl, Andreas and Busch, Christoph},
  title        = {PRNU variance analysis for morphed face image detection},
  booktitle    = {2018 IEEE 9th International Conference on Biometrics Theory, Applications and Systems (BTAS)},
  year         = {2018},
  pages        = {1--9},
  organization = {IEEE},
}

%DETECION DEL MORPHING ANALIZANDO LA UNIFORMIDAD DE LA IMAGEN PRNU, ANALIZANDO EL ESPECTRO
@InProceedings{debiasi2018prnu,
  author       = {Debiasi, Luca and Scherhag, Ulrich and Rathgeb, Christian and Uhl, Andreas and Busch, Christoph},
  title        = {PRNU-based detection of morphed face images},
  booktitle    = {2018 International Workshop on Biometrics and Forensics (IWBF)},
  year         = {2018},
  pages        = {1--7},
  organization = {IEEE},
}

%LIBRO DE DEEPLEARNING Y CNN
@Book{deepLearningBook,
  title     = {Deep Learning},
  publisher = {MIT Press},
  year      = {2016},
  author    = {Ian Goodfellow and Yoshua casiaBengio and Aaron Courville},
  note      = {\url{http://www.deeplearningbook.org}},
}

%PROBAR VARIAS CONFIGURACIONES DE LBP Y SVM
%LO USA EN UN ENTORNO REAL USANDO REPLAY ARTACKS Y CASIA
@InProceedings{de2013can,
  author       = {de Freitas Pereira, Tiago and Anjos, Andr{'e} and De Martino, Jos{'e} Mario and Marcel, S{'e}bastien},
  title        = {Can face anti-spoofing countermeasures work in a real world scenario},
  booktitle    = {2013 international conference on biometrics (ICB)},
  year         = {2013},
  pages        = {1--8},
  organization = {IEEE},
}

%RECONOCIMIENTO FACIAL EN SISTEMAS BIOMETRICOS (FRAVSistemasABC)
@InProceedings{del2015face,
  author       = {del R{'i}o, Jos{'e} S{'a}nchez and Conde, Cristina and Tsitiridis, Aristeidis and G{'o}mez, Jorge Ra{'u}l and de Diego, Isaac Mart{'i}n and Cabello, Enrique},
  title        = {Face-based recognition systems in the ABC e-gates},
  booktitle    = {2015 Annual IEEE Systems Conference (SysCon) Proceedings},
  year         = {2015},
  pages        = {340--346},
  organization = {IEEE},
}

%RECONOCIMIENTO FACIAL EN SISTEMAS abc
@article{del2016automated,
  title         = {Automated border control e-gates and facial recognition systems},
  author        = {del Rio, Jose Sanchez and Moctezuma, Daniela and Conde, Cristina and de Diego, Isaac Martin and Cabello, Enrique},
  journal       = {computers \& security},
  volume        = {62},
  pages         = {49--72},
  year          = {2016},
  publisher     = {Elsevier}
}

%ATAQUES A SISTEMAS ABC CON DISITNTAS TOPOLOGIAS 
@InProceedings{del2017face,
  author    = {del Campo, David and Conde, Cristina and Serrano, Ángel and Diego, Isaac and Cabello, Enrique},
  title     = {Face Recognition-based Presentation Attack Detection in a Two-step Segregated Automated Border Control e-Gate - Results of a Pilot Experience at Adolfo Suárez Madrid-Barajas Airport},
  booktitle = {SECRYPT 2017},
  year      = {2017},
  pages     = {129-138},
  month     = {01},
  doi       = {10.52200006426901290138},
}

%PAGINA DE LA EMPRESA DE HUELLAS DACTILARES DERMALOG
@Misc{DermalogOnline,
  author  = {Dermalog},
  title   = {Dermalog},
  date    = {2020},
  url     = {url{www.dermalog.com}},
}

%LIBRO SOBRE SEGURIDAD
@book{didier2015eu,
  title     ={The EU Counter-Terrorism Policy Responses to the Attacks in Paris. Towards an EU Security and Liberty Agenda},
  author    ={Didier, B and Guild, E},
  year      ={2015},
  publisher ={Brussel: CEPS}
}

%CODUCMNETO DE ICAO DE DEFICNION DEL LOS DOCUMENTOS MRTD
@article{doc20069303,
  title     ={9303},
  author    ={Doc, ICAO},
  journal   ={Machine Readable Travel Documents, part},
  year      ={2006}
}

%ANALISIS DE LAS DISTINTAS BIOMETRIAS Y DE LOS RETOS QUE TIENEN LOS SISTEMAS ABC ACTUALES
@inproceedings{donida2016emerging,
  title         ={Emerging biometric technologies for Automated Border Control gates},
  author        ={Donida Labati, R and Genovese, Angelo and Mu{\~n}oz Ballester, E and Piuri, Vincenzo and Scotti, Fabio and Sforza, Gianluca},
  booktitle     ={PRIP},
  pages         ={1--6},
  year          ={2016},
  organization  ={IAPR}
}

%PAGINA DE LA UNION EUROPEA
@Misc{DLAPiperOnline,
  author  = {Data Protection Laws od the World},
  title   = {Data Protection Laws od the World},
  date    = {2020},
  url     = {url:{https://www.dlapiperdataprotection.com/}},
}

%PAGINA DE LA UNION EUROPEA
@Misc{dlibOnline,
  author  = {Dlibk},
  title   = {Dlib C++ toolkit},
  date    = {2020},
  url     = {url{https://dlib.net/}},
}

%PAGINA DE LA UNION EUROPEA
@Misc{EENOnline,
  author  = {Enterprise Europe Network},
  title   = {Enterprise Europe Network},
  date    = {2020},
  url     = {url:{https://een.ec.europa.eu/}},
}

%ESTABLECE UN PROTOCOLO Y UNA METRICA PARA MEDIR LA SATISFACION DE UN USARIO CON UN SISTEMA BIOMETRICO
@inproceedings{el2010study,
  title         ={A study of users' acceptance and satisfaction of biometric systems},
  author        ={El-Abed, Mohamad and Giot, Romain and Hemery, Baptiste and Rosenberger, Christophe},
  booktitle     ={44th Annual 2010 IEEE International Carnahan Conference on Security Technology},
  pages         ={170--178},
  year          ={2010},
  organization  ={ieee}
}

%DETECION DE ATAQUES CON MASCARAS 3D
@article{erdogmus2014spoofing,
  title     ={Spoofing face recognition with 3D masks},
  author    ={Erdogmus, Nesli and Marcel, Sebastien},
  journal   ={IEEE transactions on information forensics and security},
  volume    ={9},
  number    ={7},
  pages     ={1084--1097},
  year      ={2014},
  publisher ={IEEE}
}

%ANALIZA LA RESPUESTA DE UN SENSOR DE HUELLA DIGITALES DE ALTA RESOLUCIÓN CON HUELLAS FALSAS CREADAS DE FORMA NO COPERATICA 
@article{espinoza2011vulnerabilities,
  title     ={Vulnerabilities of fingerprint reader to fake fingerprints attacks},
  author    ={Espinoza, Marcela and Champod, Christophe and Margot, Pierre},
  journal   ={Forensic science international},
  volume    ={204},
  number    ={1-3},
  pages     ={41--49},
  year      ={2011},
  publisher ={Elsevier}
}

%DIRECTIVA EUROPEA DE PROTECCION DE DATOS PERSONALES
@article{europea1995directiva,
  title     = {Directiva 95/46/CE del Parlamento Europeo y del Consejo, de 24 de octubre de 1995, relativa a la protecci{\'o}n de las personas f{\'\i}sicas en lo que respecta al tratamiento de datos personales ya la libre circulaci{\'o}n de estos datos},
  author    = {Europea, Uni{\'o}n},
  journal   = {Diario Oficial de la Comunidad Europea},
  volume    = {50},
  pages     = {281},
  year      = {1995}
}

%PAGINA DE LA UNION EUROPEA
@Misc{EUOnline,
  author  = {European Union},
  title   = {European Union},
  date    = {2020},
  url     = {url:{https://europa.eu}},
}

%PAGINA DE FACEMORPH PROGRAMA PARA HACER MORPHING
@Misc{FaceMorpherOnline,
  author  = {Luxand Technology},
  title   = {FaceMorpher},
  date    = {2019},
  url     = {url:{http://www.facemorpher.com}},
  version = {Luxand},
}

%PAGINA DE FantaMorph PROGRAMA PARA HACER MORPHING
@Misc{FantaMorphOnline,
  author  = {AbroSoft},
  title   = {FantaMorph},
  date    = {2019},
  url     = {url:{http://www.fantamorph.com}},
  version = {2.0},
}

%PAGINA PROYECTO FASSPASS
@Misc{FastPassOnline,
  author       = {FassPass},
  title        = {FassPass FP7 research projec},
  howpublished = {url:{https://fastpass-project.eu}},
  year         = {2018},
  urldate      = {2018},
}

%PAGINA PROYECTO FASSPASS
@Misc{FBIBioOnline,
  author       = {FBI},
  title        = {FBIBio},
  howpublished = {url:{https://www.fbibiospecs.cjis.gov/}},
  year         = {2020},
  urldate      = {2020},
}

%MORPHING CON HUELLAS DACTIALRES 
@Article{ferrara2016feasibility,
  author    = {Ferrara, Matteo and Cappelli, Raffaele and Maltoni, Davide},
  title     = {On the feasibility of creating double-identity fingerprints},
  journal   = {IEEE Transactions on Information Forensics and Security},
  year      = {2016},
  volume    = {12},
  number    = {4},
  pages     = {892--900},
  publisher = {IEEE},
}

%PRESENTA LA PROBLAMTICA DE LOS ATAQUES DE MORPHING EN LOS PASAPORTES
@InProceedings{ferrara2014magic,
  author       = {Ferrara, Matteo and Franco, Annalisa and Maltoni, Davide},
  title        = {The magic passport},
  booktitle    = {IEEE International Joint Conference on Biometrics},
  year         = {2014},
  pages        = {1--7},
  organization = {IEEE},
}

%ARTICULO EN EL UN LIBRO EN EL QUE SE DETECTAN ALTERACIONES EN LA IMAGEN ANALIZANDO EL ESPECTRO
@InCollection{ferrara2016effects,
  author    = {Ferrara, Matteo and Franco, Annalisa and Maltoni, Davide},
  title     = {On the effects of image alterations on face recognition accuracy},
  booktitle = {Face recognition across the imaging spectrum},
  publisher = {Springer},
  year      = {2016},
  pages     = {195--222},
}

%ANALISIS DEL PROBLEMA DE IAMGNES DE MORPHING DE DISITNTAS BASES DE DATOS Y ESCANEADAS E IMPRESAS (MorphingPrintScan)
@Article{ferrara2019face,
  author  = {Ferrara, Matteo and Franco, Annalisa and Maltoni, Davide},
  title   = {Face morphing detection in the presence of printingscanning and heterogeneous image sources},
  journal = {arXiv preprint arXiv1901.08811},
  year    = {2019},
}

%DETECIÓN DEL ATAQUE DEL MORPHING EN SISTEMAS ABC CON DEMORPHING
@Article{ferrara2017face,
  author    = {Ferrara, Matteo and Franco, Annalisa and Maltoni, Davide},
  title     = {Face demorphing},
  journal   = {IEEE Transactions on Information Forensics and Security},
  year      = {2017},
  volume    = {13},
  number    = {4},
  pages     = {1008--1017},
  publisher = {IEEE},
}

%DETECIÓN DEL ATAQUE DEL MORPHING EN SISTEMAS ABC CON DEMORPHING (FOTOS DIFERENTES A LAS DEL MORPHING)
@InProceedings{ferrara2018face,
  author       = {Ferrara, Matteo and Franco, Annalisa and Maltoni, Davide},
  title        = {Face demorphing in the presence of facial appearance variations},
  booktitle    = {2018 26th European Signal Processing Conference (EUSIPCO)},
  year         = {2018},
  pages        = {2365--2369},
  organization = {IEEE},
}

%PAGINA DE LA EMPRESA DE SENSORES TERMINCOS FLIR
@Misc{FLIROnline,
  author       = {FLIR},
  title        = {FLIR Systems, Inc.},
  howpublished = {url:{https://www.flir.com}},
  year         = {2020},
  urldate      = {2020},
}

%PAGINA DEL GRUPO DE INVESTIGACION RAV
@Misc{FRAVOnline,
  author       = {FRAV},
  title        = {Face Recognition and Artificial Vision},
  howpublished = {url:{http://www.frav.es}},
  year         = {2020},
  urldate      = {2020},
}

%ABCS DESDE EL PUNTO DE VISTA PRACTICO DEFINIDO POR FRONTEX
@Article{FRONTEX2012OpeReport,
  author  = {FRONTEX, RDU},
  title   = {Best Practice Operational Guidelines for Automated Border Control (ABC) Systems},
  journal = {European Agency for the Management of Operational Cooperation, Research and Development Unit,. http://bit. ly2KYBXhz Accessed},
  year    = {2012},
  volume  = {9},
  number  = {05},
  pages   = {2013},
}

%ABCS DESDE EL PUNTO DE VISTA PRACTICO DEFINIDO POR FRONTEX
@Article{FRONTEX2016OpeReport,
  author  = {FRONTEX, RDU},
  title   = {Best Practice Operational Guidelines for Automated Border Control (ABC) Systems},
  journal = {European Agency for the Management of Operational Cooperation, Research and Development Unit,. http://bit. ly2KYBXhz Accessed},
  year    = {2012},
  volume  = {9},
  number  = {05},
  pages   = {2016},
}

%ABCS DESDE EL PUNTO DE VISTA TECNICO DEFINIDO POR FRONTEX
@TechReport{FRONTEX2016TechReport,
  author      = {FRONTEX},
  title       = {Best Practice Technical Guidelines for Automated Border Control (ABC) Systems},
  institution = {FRONTEX, Research and Development Unit},
  year        = {2016},
  type        = {Discussion paper},
}

%INFORME DE RIESGOS DE FRONTEX 2019
@Misc{FRONTEX2019Risk,
  author        = {FRONTEX},
  title         = {Risk Analysis for 2019},
  url           = {url:{https://frontex.europa.eu/assets/Publications/Risk{\_}Analysis/Risk{\_}Analysis/Risk{\_}Analysis{\_}for{\_}$2019$.pdf}},
  year          = {2019},
  institution   = {FRONTEX},
  urldate       = {2019},
}

%PAGINA DE FRONTEX
@Misc{FRONTEXOnLine,
  author       = {FRONTEX},
  title        = {FRONTEXOnLine},
  howpublished = {url:{http://frontex.europa.eu}},
  year         = {2019},
  urldate      = {2019},
}

%PAGINA DE FRONTEX
@Misc{frvtMorphOnLine,
  author       = {NIST},
  title        = {Face Recognition Vendor Test MORPH},
  howpublished = {url:{https://pages.nist.gov/frvt/html/frvt{\_}morph.html}},
  year         = {2020},
  urldate      = {2020},
}

%ANALIZA LA RESPUESTA DE DISTINTOS ALGORIMTOS DE VERIFICACION DE HUELLAS DACTIALRES FRENTE A ATAQUES CON HUELLAS FALSAS 
@article{galbally2011evaluation,
  title         ={Evaluation of direct attacks to fingerprint verification systems},
  author        ={Galbally, Javier and Fierrez, Julian and Alonso-Fernandez, Fernando and Martinez-Diaz, Marcos},
  journal       ={Telecommunication Systems},
  volume        ={47},
  number        ={3-4},
  pages         ={243--254},
  year          ={2011},
  publisher     ={Springer}
}

%DETECCION DE ATAQUES MIDIENDO LA CALIDAD DE LA IMAGEN (PADConCalidadImagen)
@InProceedings{galbally2014face,
  author       = {Galbally, Javier and Marcel, S{'e}bastien},
  title        = {Face anti-spoofing based on general image quality assessment},
  booktitle    = {2014 22nd International Conference on Pattern Recognition},
  year         = {2014},
  pages        = {1173--1178},
  organization = {IEEE},
}

%DEFINE LA ARQUITECTURA DE UN SISTEMA MULTIBIOMETRICO
@inproceedings{gamassi2004high,
  title         ={A high-level optimum design methodology for multimodal biometric systems},
  author        ={Gamassi, Marco and Piuri, Vincenzo and Sana, Daniele and Scotti, Fabio},
  booktitle     ={Proceedings of the 2004 IEEE International Conference on Computational Intelligence for Homeland Security and Personal Safety, 2004. CIHSPS 2004.},
  pages         ={117--124},
  year          ={2004},
  organization  ={IEEE}
}

%DEFICION DE LA ARQUETECTURA DE UN SISTEMA BIOMETRICO DITRIBUIDO COMO SON LOS ABC
@inproceedings{gamassi2005multi,
  title         ={A multi-modal multi-paradigm agent-based approach to design scalable distributed biometric systems},
  author        ={Gamassi, Marco and Piuri, Vincenzo and Sana, Daniele and Scotti, Fabio and Scotti, Olga},
  booktitle     ={CIHSPS 2005. Proceedings of the 2005 IEEE International Conference on Computational Intelligence for Homeland Security and Personal Safety, 2005.},
  pages         ={65--70},
  year          ={2005},
  organization  ={IEEE}
}

%VERIFICAR DACTILAR MEDIANTE COMPARACION DE MINUCIAS
@inproceedings{gamassi2005fingerprint,
  title         ={Fingerprint local analysis for high-performance minutiae extraction},
  author        ={Gamassi, Marco and Piuri, Vincenzo and Scotti, Fabio},
  booktitle     ={IEEE International Conference on Image Processing 2005},
  volume        ={3},
  pages         ={III--265},
  year          ={2005},
  organization  ={IEEE}
}

%INFORME SOBRE LOS RIESGOS DE LOS SITEMAS ABC
@TechReport{Gorodnichy2015ARTinABC,
    author      = {Gorodnichy, Dmitry},
    institution = {Canada Border Services Agency},
    year        = {2015},
    month       = {09},
    pages       = {},
    title       = {ART in ABC: Analysis of Risks and Trends in Automated Border Control},
    doi         = {10.13140/RG.2.2.19288.08965},
    type        = {Discussion paper},
}

%VERIFICAR DACTILAR MEDIANTE COMPARACION DE MINUCIAS PARA ABC
@inproceedings{gamassi2005robust,
  title     ={Robust fingerprint detection for access control},
  author    ={Gamassi, Marco and Piuri, Vincenzo and Sana, Daniele and Scotti, Fabio},
  booktitle ={Proc. of RoboCare Workshop},
  pages     ={1--3},
  year      ={2005}
}

%VERIFICAR DACTILAR MEDIANTE COMPARACION DE MINUCIAS
@inproceedings{piuri2008fingerprint,
  title         ={Fingerprint biometrics via low-cost sensors and webcams},
  author        ={Piuri, Vincenzo and Scotti, Fabio},
  booktitle     ={2008 IEEE Second International Conference on Biometrics: Theory, Applications and Systems},
  pages         ={1--6},
  year          ={2008},
  organization  ={IEEE}
}

%LIBRO SOMBRE BIOMETRIA DE LA PALMA DE LA MANO SIN CONTACTO
@book{genovese2014touchless,
  title     ={Touchless palmprint recognition systems},
  author    ={Genovese, Angelo and Piuri, Vincenzo and Scotti, Fabio},
  volume    ={60},
  year      ={2014},
  publisher ={Springer}
}

%PAGINA DE LA EMPRESA GEMALTO
@Misc{gemaltoOnline,
  author       = {Gemalto},
  title        = {Gemalto},
  howpublished = {url:{http://www.gemalto.com}},
  year         = {2018},
  urldate      = {2018},
}

%PAGINA DE GIMP PARA HACER MORPHINS
@Misc{GimpOnline,
  author  = {Apache Software Foundation},
  title   = {GIMP},
  date    = {2017},
  url     = {url:{http://www.gimp.org}},
  version = {2.10.12},
}

%ANALIZA LA VULNERABILIDAD EN LOS SISTEMAS ABC MOVILES (VulneraMobilePass)
@InProceedings{goicoechea2016vulnerabilities,
  author       = {Goicoechea-Telleria, Ines and Liu-Jimenez, Judith and Sanchez-Reillo, Raul and Ponce-Hemandez, Wendy},
  title        = {Vulnerabilities of Biometric Systems integrated in Mobile Devices an evaluation},
  booktitle    = {2016 IEEE International Carnahan Conference on Security Technology (ICCST)},
  year         = {2016},
  pages        = {1--8},
  organization = {IEEE},
}

%ANALIZA LA ROBUSTED DE LOS SISTEMAS BIOMETRICOS FRENTE A ATAQUES DE MORPHING
@InProceedings{gomez2017your,
  author       = {Gomez-Barrero, Marta and Rathgeb, Christian and Scherhag, Ulrich and Busch, Christoph},
  title        = {Is your biometric system robust to morphing attacks},
  booktitle    = {2017 5th International Workshop on Biometrics and Forensics (IWBF)},
  year         = {2017},
  pages        = {1--6},
  organization = {IEEE},
}

%LIBRO BASICO SOBRE DEEP LEARNING
@Book{goodfellow2016deep,
  title     = {Deep learning},
  publisher = {MIT press},
  year      = {2016},
  author    = {Goodfellow, Ian and Bengio, Yoshua and Courville, Aaron},
}

%DESCRIPCION DE LA ARQUITECTRUA GAN
@InProceedings{goodfellow2014generative,
  author    = {Goodfellow, Ian and Pouget-Abadie, Jean and Mirza, Mehdi and Xu, Bing and Warde-Farley, David and Ozair, Sherjil and Courville, Aaron and Bengio, Yoshua},
  title     = {Generative adversarial nets},
  booktitle = {Advances in neural information processing systems},
  year      = {2014},
  pages     = {2672--2680},
}

%SISTEMAS ABC TIPOS DE DISPOSITICOS Y GENERACIONES
@inproceedings{gorodnichy2014automated,
  title         ={Automated border control: Problem formalization},
  author        ={Gorodnichy, D and Yanushkevich, S and Shmerko, V},
  booktitle={2014 IEEE Symposium on Computational Intelligence in Biometrics and Identity Management (CIBIM)},
  pages         ={118--125},
  year          ={2014},
  organization  ={IEEE}
}

%DETECCION Y SEGIMINETO DE PEATONES  
@inproceedings{goto2011pedestrian,
  title         ={Pedestrian detection and direction estimation by cascade detector with multi-classifiers utilizing feature interaction descriptor},
  author        ={Goto, Kunihiro and Kidono, Kiyosumi and Kimura, Yoshikatsu and Naito, Takashi},
  booktitle     ={2011 IEEE Intelligent Vehicles Symposium (IV)},
  pages         ={224--229},
  year          ={2011},
  organization  ={IEEE}
}

%ANALIZA LA ESPERIENCIA DE USARIO EN AEOPUERTOS (INCLUDIOS LOS ABC)
@incollection{graves2011role,
  title         ={The role of the human operator in image-based airport security technologies},
  author        ={Graves, Ian and Butavicius, Marcus and MacLeod, Veneta and Heyer, Rebecca and Parsons, Kathryn and Kuester, Natalie and McCormac, Agata and Jacques, Philip and Johnson, Raymond},
  booktitle     ={Innovations in defence support systems-2},
  pages         ={147--181},
  year          ={2011},
  publisher     ={Springer}
}

}
%RECOPILATORIO DE ATAQUES DE PRESENTACION EN LA BIOMETRIA FACIAL (INTROCUCCION EN DEL LIBRO DE ATAQUES)
@incollection{hernandez2019introduction,
  title     ={Introduction to face presentation attack detection},
  author    ={Hernandez-Ortega, Javier and Fierrez, Julian and Morales, Aythami and Galbally, Javier},
  booktitle ={Handbook of Biometric Anti-Spoofing},
  pages     ={187--206},
  year      ={2019},
  publisher ={Springer}
}

%LIBRO SOBRE DISOLVING VIEWS EN LAS CAMARAS OSCURAS
@Book{higson2016dissolving,
  title     = {Dissolving Views Key Writings on British Cinema},
  publisher = {Bloomsbury Publishing},
  year      = {2016},
  author    = {Higson, Andrew},
}

%DEETECION DEL MORPHING CON DISTINTAS MEJORAS EN SU CONTRUCION
@InProceedings{hildebrandt2017benchmarking,
  author       = {Hildebrandt, Mario and Neubert, Tom and Makrushin, Andrey and Dittmann, Jana},
  title        = {Benchmarking face morphing forgery detection Application of stirtrace for impact simulation of different processing steps},
  booktitle    = {2017 5th International Workshop on Biometrics and Forensics (IWBF)},
  year         = {2017},
  pages        = {1--6},
  organization = {IEEE},
}

%PRIMER ARTICULO QUE HABLA DE LOS AUTOENCODERS
@InProceedings{hinton1994autoencoders,
  author    = {Hinton, Geoffrey E and Zemel, Richard S},
  title     = {Autoencoders, minimum description length and Helmholtz free energy},
  booktitle = {Advances in neural information processing systems},
  year      = {1994},
  pages     = {3--10},
}

%BASE DE DATOS DE FACEBOOK LFW
@incollection{huang2008labeled,
  title         ={Labeled faces in the wild: A survey},
  author        ={Learned-Miller, Erik and Huang, Gary B and RoyChowdhury, Aruni and Li, Haoxiang and Hua, Gang},
  booktitle     ={Advances in face detection and facial image analysis},
  pages         ={189--248},
  year          ={2016},
  publisher     ={Springer}
}

%PAGINA DE LA EMPRESA que fabrica mascaras 3D de silicona
@Misc{HyperFleshOnline,
  author       = {HyperFlesh},
  title        = {HyperFlesh},
  howpublished = {url:{http://www.hyperfesh.com}},
  year         = {2018},
  urldate      = {2018},
}

%MAPA DE LOS AEROPUERTO CON ABS DE IATA
@misc{iata2018abc,
  author        = {IATA},
  title         = {Automated Border Control Implementation},
  year          = {2018},
  howpublished  = "\url{https://www.iata.org/whatwedo/passenger/Pages/automated-border-control-maps.aspx}",
  note          ="[Online: accessed 14-Oct-2019]"
}

%PAGINA DE IATA
@Misc{IATAOnline,
  author       = {IATA},
  title        = {IATA-International Air Transport Association.},
  howpublished = {url:{http://www.iata.org}},
  year         = {2018},
  urldate      = {2018},
}

%INFORME IATA REVIEW 2016
@TechReport{IATA/REVIEW/2016,
  author      = {International Air Transport Association},
  title       = {ANNUAL REVIEW 2016},
  institution = {International Air Transport Association},
  year        = {2016},
  type        = {review},
  address     = {Montreal, Canadá},
  key         = {IATA ANNUAL REVIEW 2016},
  volume      = {2016},
}

%PAGINA DE ICAD
@Misc{ICAOOnline,
  author       = {ICAO},
  title        = {ICAO-International Civil Aviation Organization.},
  howpublished = {url:{https://www.icao.int}},
  year         = {2019},
  urldate      = {2019},
}

%PAGINA DE LA IEC DE ESTACNADERES EN ELECTRONICA
@Misc{IECOnline,
  author  = {International Electrotechnical Commission},
  title   = {International Electrotechnical Commission},
  date    = {2020},
  url     = {url:{https://www.iec.ch/}},
}

%PAGINA DE LA EMPRESA INDRA
@Misc{indraOnline,
  author       = {INDRA},
  title        = {INDRA},
  howpublished = {url:{http://www.indracompany.com}},
  year         = {2018},
  urldate      = {2018},
}

%PAGINA DE LA EMPRESA INNOVATIVE
@Misc{InnovativeOnline,
  author       = {Innovative},
  title        = {Innovative.},
  howpublished = {url:{http://www.innovativetravelsolutions.ca}},
  year         = {2019},
  urldate      = {2018},
}

%PAGINA DE LA INTERPOL
@Misc{INTERPOLOnline,
  author       = {INTERPOL},
  title        = {INTERPOL},
  howpublished = {url:{http://www.interpol.int}},
  year         = {2019},
  urldate      = {2019},
}

%ISO SOBRE LA BIOMETRIA
@TechReport{ISO/Biometric,
  author      = {International Organization for Standardization},
  title       = {Information technology — Biometric performance testing and reporting — Part 6 Testing methodologies for operational evaluation},
  institution = {International Organization for Standardization},
  year        = {2012},
  type        = {Standard},
  address     = {Geneva, CH},
  month       = {mar},
  key         = {ISO/IEC 19795-62012},
  volume      = {2012},
}

%ISO SOBRE LA BIOMETRIA
@TechReport{ISO/BiometricErrors,
  author      = {International Organization for Standardization},
  title       = {Information technology — Biometric performance testing and reporting — Part 2: Testing methodologies for technology and scenario evaluation},
  institution = {International Organization for Standardization},
  year        = {2007},
  type        = {Standard},
  address     = {Geneva, CH},
  month       = {mar},
  key         = {ISO/IEC 19795-2:2007},
  volume      = {2007},
}

%ISO DE TODOS LOS STANDERES DE BIOMETRIA
@book{ISO/DefinicionBiometria,
  author    = {International Organization for Standardization},
  title     = {ISO/IEC 2382-37 Information technology—Vocabulary—Part 37 Biometrics},
  pages     = {732},
  day       = {1},
  month     = {02},
  year      = {2017},
  URL       = {url:{https://standards.iso.orgittfPubliclyAvailableStandardsc066693_ISO_IEC_2382-37_2017.zip}},
  publisher = {Switzerland, Geneva},
}

%ISO DE TODOS LOS STANDERES DE BIOMETRIA
@book{ISO/BioApi,
  author    = {International Organization for Standardization},
  title     = {ISO/IEC 19784-1:2018 Information technology — Biometric application programming interface — Part 1: BioAPI specification},
  pages     = {234},
  year      = {2018},
  URL       = {url:{https://www.iso.org/standard/70866.html}},
  publisher = {Switzerland, Geneva},
}

%ISO DE LOS ESTANDARES PAD
@book{ISO/PADEvaluation,
  author        = {International Organization for Standardization},
  title         = {ISO/IEC FDIS 30107-32017 Information technology - Biometric presentation attack detection – Part 3 Testing and reporting},
  institution   = {International Organization for Standardization},
  pages         = {37},
  day           = {1},
  month         = {03},
  year          = {2017},
  key           = {ISO/IEC FDIS 30107-3201},
  publisher     = {Switzerland, Geneva},
}


%ISO SOBRE ATQUES A SISTEMAS BIOMETRICOS
@techreport{ISO/PADFramework,
  author    = {International Organization for Standardization},
  title     = {ISO/IEC FDIS 30107-32017 Information technology - Biometric presentation attack detection – Part 1 Framework},
  institution   = {International Organization for Standardization},
  pages     = {37},
  day       = {1},
  month     = {03},
  year      = {2017},
  key       = {ISO/IEC 19794-1:2017},
  publisher = {Switzerland, Geneva},
}

%ISO SOBRE ATQUES A SISTEMAS BIOMETRICOS
@techreport{ISO/Finger,
  author    = {International Organization for Standardization},
  title     = {Information technology — Biometric data interchange formats — Part 4: Finger image data},
  institution   = {International Organization for Standardization},
  pages     = {19},
  day       = {1},
  month     = {03},
  year      = {2011},
  key       = {ISO/IEC 19794-4:2011},
  publisher = {Switzerland, Geneva},
}

%ISO SOBRE ATQUES A SISTEMAS BIOMETRICOS
@techreport{ISO/Face,
  author    = {International Organization for Standardization},
  title     = {Information technology — Biometric data interchange formats — Part 5: Face image data},
  institution   = {International Organization for Standardization},
  pages     = {19},
  day       = {1},
  month     = {03},
  year      = {2011},
  key       = {ISO/IEC 19794-5:2011},
  publisher = {Switzerland, Geneva},
}


%ISO SOBRE ATQUES A SISTEMAS BIOMETRICOS
@techreport{ISO/Iris,
  author    = {International Organization for Standardization},
  title     = {Information technology — Biometric data interchange formats — Part 6: Iris image data},
  institution   = {International Organization for Standardization},
  pages     = {19},
  day       = {1},
  month     = {03},
  year      = {2017},
  key       = {ISO/IEC 19794-6:2017},
  publisher = {Switzerland, Geneva},
}


%ISO SOBRE ATQUES A SISTEMAS BIOMETRICOS
@techreport{ISO/Format,
  author    = {International Organization for Standardization},
  title     = {Information technology — Biometric data interchange formats},
  institution   = {International Organization for Standardization},
  pages     = {19},
  day       = {1},
  month     = {03},
  year      = {2019},
  key       = {ISO/IEC 19794},
  publisher = {Switzerland, Geneva},
}


%ISO SOBRE SISTEMAS MULTIBIOMETRICOS
@techreport{ISO/Multibiometria,
  author    = {International Organization for Standardization},
  title     = {Information technology – Biometrics – Multimodal and other multibiometric fusion,},
  institution   = {International Organization for Standardization},
  pages     = {19},
  day       = {1},
  month     = {03},
  year      = {2007},
  key       = {ISO/IEC 24722},
  publisher = {Switzerland, Geneva},
}

%RECOPILATORIO DE TÉCTNICAS DE RECONOCMIENTO FACIAL
@article{jafri2009survey,
  title         ={A survey of face recognition techniques.},
  author        ={Jafri, Rabia and Arabnia, Hamid R},
  journal       ={Jips},
  volume        ={5},
  number        ={2},
  pages         ={41--68},
  year          ={2009}
}

%NALISIS DE SISTEMAS MULTIBIOMETRICOS 
@article{jain2004multibiometric,
  title     ={Multibiometric systems},
  author    ={Jain, Anil K and Ross, Arun},
  journal   ={Communications of the ACM},
  volume    ={47},
  number    ={1},
  pages     ={34--40},
  year      ={2004},
  publisher ={ACM}
}

%LIBRO SOBRE LA MULTIBIOMETRIA
@book{jain2007handbook,
  title     ={Handbook of biometrics},
  author    ={Jain, Anil K and Flynn, Patrick and Ross, Arun A},
  year      ={2007},
  publisher ={Springer Science \& Business Media}
}

%LIBRO SOBRE EL RECONOCIMIENTO FACIAL
@Book{jain2011handbook,
  title     = {Handbook of face recognition},
  publisher = {Springer},
  year      = {2011},
  author    = {Jain, Anil K and Li, Stan Z},
}

%DETECION DEL MORPHING CON LBP Y SVM (TDA)
@InProceedings{jassim2018automatic,
  author       = {Jassim, Sabah and Asaad, Aras},
  title        = {Automatic detection of image morphing by topology-based analysis},
  booktitle    = {2018 26th European Signal Processing Conference (EUSIPCO)},
  year         = {2018},
  pages        = {1007--1011},
  organization = {IEEE},
}

%SURVEY DE ATAQUES CON MASCARAS 3D
@Article{jia2019survey,
  author    = {Jia, Shan and Guo, Guodong and Xu, Zhengquan},
  title     = {A survey on 3D mask presentation attack detection and countermeasures},
  journal   = {Pattern Recognition},
  year      = {2019},
  pages     = {107032},
  publisher = {Elsevier},
}

%DEFICION DEL DESCRIPTOR BSIF DescriptorBSIF
@InProceedings{kannala2012bsif,
  author       = {Kannala, Juho and Rahtu, Esa},
  title        = {Bsif Binarized statistical image features},
  booktitle    = {Proceedings of the 21st international conference on pattern recognition (ICPR2012)},
  year         = {2012},
  pages        = {1363--1366},
  organization = {IEEE},
}

%DESCRIPCION DEL SISTEMA SIS EN LA ZONA SCHENGEN
@book{karanja2008transparency,
  title     ={Transparency and proportionality in the Schengen information system and border control co-operation},
  author    ={Karanja, Stephen Kabera},
  volume    ={32},
  year      ={2008},
  publisher ={Martinus Nijhoff Publishers}
}

%DETECCION DE LANDMARCK FACAILES CON ARBOLES DE DECISION. ALGORMITMO IMPLEMTNADO EN DLIB
@InProceedings{kazemi2014one,
  author    = {Kazemi, Vahid and Sullivan, Josephine},
  title     = {One millisecond face alignment with an ensemble of regression trees},
  booktitle = {Proceedings of the IEEE conference on computer vision and pattern recognition},
  year      = {2014},
  pages     = {1867--1874},
}

%PAPER QUE PROPONE POR PRIMERA VEZ LA IDEA DE LOS AUTOENCODERS VARIACIONALES
@Article{kingma2013auto,
  author  = {Kingma, Diederik P and Welling, Max},
  title   = {Auto-encoding variational bayes},
  journal = {arXiv preprint arXiv1312.6114},
  year    = {2013},
}

%DESCRIPCION DEL OPTIMIZADO ADAM PARA EL ENTRENEMIENTO DE CNN
@article{kingma2014adam,
  title     ={Adam: A method for stochastic optimization},
  author    ={Kingma, Diederik P and Ba, Jimmy},
  journal   ={arXiv preprint arXiv:1412.6980},
  year      ={2014}
}

%RECONOCIMIENTO DE PASAPORTES ANTES DE QUE EXISITERA EL EPASSWORD
@inproceedings{kim2005intelligent,
  title         ={Intelligent immigration control system by using passport recognition and face verification},
  author        ={Kim, Kwangbaek},
  booktitle     ={International Symposium on Neural Networks},
  pages         ={147--156},
  year          ={2005},
  organization  ={Springer}
}

%ROCOPILATORIO DE LOS RESULTADOS DE LA COMPETICION DE ANTISPOOFING
@InCollection{komulainen2019review,
  author    = {Komulainen, Jukka and Boulkenafet, Zinelabidine and Akhtar, Zahid},
  title     = {Review of face presentation attack detection competitions},
  booktitle = {Handbook of Biometric Anti-Spoofing},
  publisher = {Springer},
  year      = {2019},
  pages     = {291--317},
}

%COMPARA EL RECONOCMIENTO FACIAL REALIZADO POR AGENTES DE CONTROL DE FRONTERA FRENTE A SIS BIOMETRICOS
@inproceedings{kosmerlj2006face,
  title         ={Face recognition issues in a border control environment},
  author        ={Kosmerlj, Marijana and Fladsrud, Tom and Hjelm{\aa}s, Erik and Snekkenes, Einar},
  booktitle     ={International Conference on Biometrics},
  pages         ={33--39},
  year          ={2006},
  organization  ={Springer}
}

%DETECTA EL MORPHING APOLLANDOSE EN DESCRIPTORES ESPACAIALES COMO  SIFT SURF, ORB, FAST and AGAST
@InProceedings{kraetzer2017modeling,
  author       = {Kraetzer, Christian and Makrushin, Andrey and Neubert, Tom and Hildebrandt, Mario and Dittmann, Jana},
  title        = {Modeling attacks on photo-ID documents and applying media forensics for the detection of facial morphing},
  booktitle    = {Proceedings of the 5th ACM Workshop on Information Hiding and Multimedia Security},
  year         = {2017},
  pages        = {21--32},
  organization = {ACM},
}

%DESCRIPCION DE LA ARQUITECTURA IMAGENET
@InProceedings{krizhevsky2012imagenet,
  author    = {Krizhevsky, Alex and Sutskever, Ilya and Hinton, Geoffrey E},
  title     = {Imagenet classification with deep convolutional neural networks},
  booktitle = {Advances in neural information processing systems},
  year      = {2012},
  pages     = {1097--1105},
}

%ANALIZA EL USO DE SISTEMAS BIOMETRICOS AUTOMATICOS EN LOS CRCES DE FRONTERA
@article{kwon2008biometric,
  title     ={Biometric authentication for border control applications},
  author    ={Kwon, Taekyoung and Moon, Hyeonjoon},
  journal   ={IEEE transactions on knowledge and data engineering},
  volume    ={20},
  number    ={8},
  pages     ={1091--1096},
  year      ={2008},
  publisher ={IEEE}
}


%DESCRIPCION DE LAS MEDIDAS DE PROTECION QUE DEBE TENER UN SISTEMA BIOMETRICO
@inproceedings{labati2011biometric,
  title         ={Biometric privacy protection: guidelines and technologies},
  author        ={Labati, Ruggero Donida and Piuri, Vincenzo and Scotti, Fabio},
  booktitle     ={International Conference on E-Business and Telecommunications},
  pages         ={3--19},
  year          ={2011},
  organization  ={Springer}
}

%DESCRIPCION DE LOS SUSBISTEMAS Y DE LA ARQUITECTURA DE UN SISTEMA ABC
@inproceedings{labati2015advanced,
  title         = {Advanced design of automated border control gates: biometric system techniques and research trends},
  author        = {Labati, Ruggero Donida and Genovese, Angelo and Munoz, Enrique and Piuri, Vincenzo and Scotti, Fabio and Sforza, Gianluca},
  booktitle     = {2015 IEEE International Symposium on Systems Engineering (ISSE)},
  pages         = {412--419},
  year          = {2015},
  organization  = {IEEE}
}

%rRECOPILATORIO SOBRE LOS SISTEMAS ABC, QUE ANALIZA LOS RETOS PARA FUTUROS SISTEMAS
@inproceedings{labati2015automated,
  title         ={Automated Border Control Systems: Biometric Challenges and Research Trends},
  author        ={Labati, Ruggero Donida and Genovese, Angelo and Mu{\~n}oz, Enrique and Piuri, Vincenzo and Scotti, Fabio and Sforza, Gianluca},
  booktitle     ={International Conference on Information Systems Security},
  pages         ={11--20},
  year          ={2015},
  organization  ={Springer}
}

%ANALISIS DE LOS PROBLELAS DE ADQUISICIÓN QUE AFECTAN A LA BIOMETRIA DACTILAR.
@inproceedings{labati2015automatic,
  title         ={Automatic classification of acquisition problems affecting fingerprint images in automated border controls},
  author        ={Labati, Ruggero Donida and Genovese, Angelo and Ballester, Enrique Munoz and Piuri, Vincenzo and Scotti, Fabio and Sforza, Gianluca},
  booktitle     ={2015 IEEE Symposium Series on Computational Intelligence},
  pages         ={354--361},
  year          ={2015},
  organization  ={IEEE}
}

%rLIBRO SOBRE EL RECONOCIMIENTO DE HUELLAS DACTILARES SIN CONTACTO 
@book{labati2015touchless,
  title     ={Touchless fingerprint biometrics},
  author    ={Labati, Ruggero Donida and Piuri, Vincenzo and Scotti, Fabio},
  year      ={2015},
  publisher ={CRC Press}
}

%RECONOCIMIENTO DE HUELLAS DACTIALRES SIN CONTACTO MEDIANTE LA CONTRUCIÓN DE UN MODELO 3D MEDIANTE estereovisión
@article{labati2015toward,
  title     ={Toward unconstrained fingerprint recognition: A fully touchless 3-D system based on two views on the move},
  author    ={Labati, Ruggero Donida and Genovese, Angelo and Piuri, Vincenzo and Scotti, Fabio},
  journal   ={IEEE Transactions on Systems, Man, and Cybernetics: Systems},
  volume    ={46},
  number    ={2},
  pages     ={202--219},
  year      ={2015},
  publisher ={IEEE}
}

%RECOPILATORIO SOBRE LOS ABCS (ABCSurvey2016)
@article{labati2016biometric,
  title={Biometric recognition in automated border control: a survey},
  author={Labati, Ruggero Donida and Genovese, Angelo and Mu{\~n}oz, Enrique and Piuri, Vincenzo and Scotti, Fabio and Sforza, Gianluca},
  journal={ACM Computing Surveys (CSUR)},
  volume={49},
  number={2},
  pages={1--39},
  year={2016},
  publisher={ACM New York, NY, USA}
}

%BASE DE DATOS DE FACEBOOK LFW
@incollection{learned2016labeled,
  title     ={Labeled faces in the wild: A survey},
  author    ={Learned-Miller, Erik and Huang, Gary B and RoyChowdhury, Aruni and Li, Haoxiang and Hua, Gang},
  booktitle ={Advances in face detection and facial image analysis},
  pages     ={189--248},
  year      ={2016},
  publisher ={Springer}
}

%DESCRIPCION DE LA CON
@Article{lee1998polymorph,
  author    = {Lee, Seungyong and Wolberg, George and Shin, Sung Yong},
  title     = {Polymorph Morphing among multiple images},
  journal   = {IEEE Computer Graphics and Applications},
  year      = {1998},
  volume    = {18},
  number    = {1},
  pages     = {58--71},
  publisher = {IEEE},
}

%ARTICULO QUE DEMUESTRA LA DIFICULTAD PARA DETECTAR EL MORPHING DE CARA (HUMANOS) 
@Article{levin2000categorical,
  author    = {Levin, Daniel T and Beale, James M},
  title     = {Categorical perception occurs in newly learned faces, other-race faces, and inverted faces},
  journal   = {Perception \& Psychophysics},
  year      = {2000},
  volume    = {62},
  number    = {2},
  pages     = {386--401},
  publisher = {Springer},
}

%ENCICLOPEDIA CON UN COMPENDIO DE TODOS LOS TERMINOS DE LA BIOMETRIA.
@book{li2009encyclopedia,
  title     ={Encyclopedia of Biometrics: I-Z.},
  author    ={Li, Stan Z},
  volume    ={2},
  year      ={2009},
  publisher ={Springer Science \& Business Media}
}

%DETECCION DE ATAQUES DE PRESENTACION EN BIOMETRIA FACIAL CON MASCARAS 3D Y VIDEOS  
@inproceedings{li2016generalized,
  title         ={Generalized face anti-spoofing by detecting pulse from face videos},
  author        ={Li, Xiaobai and Komulainen, Jukka and Zhao, Guoying and Yuen, Pong-Chi and Pietik{\"a}inen, Matti},
  booktitle     ={2016 23rd International Conference on Pattern Recognition (ICPR)},
  pages         ={4244--4249},
  year          ={2016},
  organization  ={IEEE}
}

%RECOPILATORIO DE PAD (SpoofingFaceRecognition2017)
@Article{li2017face,
  author    = {Li, Lei and Correia, Paulo Lobato and Hadid, Abdenour},
  title     = {Face recognition under spoofing attacks countermeasures and research directions},
  journal   = {IET Biometrics},
  year      = {2017},
  volume    = {7},
  number    = {1},
  pages     = {3--14},
  publisher = {IET},
}

%RECOPILATORIO DE TECNICAS PARA CONSTRUIR MORPHING
@Article{lokhande2013morphing,
  author  = {Lokhande, Shubhangi V and Patil, SB},
  title   = {Morphing Techniques for Facial Images-A Review},
  journal = {International Journal of Engineering},
  year    = {2013},
  volume  = {2},
  number  = {12},
  pages   = {1106--1110},
}

%DEFINE EL DESCRIPTOR SIFT
@Article{lowe2004distinctive,
  author    = {Lowe, David G},
  title     = {Distinctive image features from scale-invariant keypoints},
  journal   = {International journal of computer vision},
  year      = {2004},
  volume    = {60},
  number    = {2},
  pages     = {91--110},
  publisher = {Springer},
}

%PAGINA DE LA MAQUILLADORA Lucia Pittalis
@Misc{LuciaPittalisOnline,
  author       = {Lucia Pittalis},
  title        = {Lucia Pittalis},
  howpublished = {url:{https://www.pinterest.es/saintsvisioninc/lucia-pittalis/}},
  year         = {2019},
  urldate      = {2020}
}

%DESCRIPTOR PRNU BASADO EN EL ESPECTRO DE LA IAMGEN EN ESTE ARTICULO SE USA POR PRIMERA VEZ PARA DETECTAR LA CAMARA ORIGEN DE UNA IMAGEN POR SU PATRON DE RUIDO.
@Misc{lukas2006digital,
  author    = {Lukas, J and Fridrich, J and Goljan, M},
  title     = {Digital camera identification from sensor pattern noise. 1 (2) 205--214},
  year      = {2006},
  publisher = {June},
}

%PAPER SOBRE SVM
@book{ma2014support,
  title     ={Support vector machines applications},
  author    ={Ma, Yunqian and Guo, Guodong},
  year      ={2014},
  publisher ={Springer}
}

%ANALIZA LOS FACTORES A TENER EN CUANTA PARA MEDIR EL LA ESPERIENCIA DE USARIO CON LOS SISTEMAS ABC
@incollection{macleod2011methodology,
  title     ={Methodology for the evaluation of an international airport automated border control processing system},
  author    ={MacLeod, Veneta and McLindin, Brett},
  booktitle ={Innovations in Defence Support Systems-2},
  pages     ={115--145},
  year      ={2011},
  publisher ={Springer}
}

%DEFINICION DEL DESCRIPTOR AGAST
@inproceedings{mair2010_agast,
   title       = {Adaptive and Generic Corner Detection Based on the Accelerated Segment Test},
   author      = {Elmar Mair and Gregory D. Hager and Darius Burschka and Michael Suppa and Gerhard Hirzinger},
   year        = {2010},
   month       = {September},
   booktitle   = {European Conference on Computer Vision (ECCV'10)},
   url         = {url:{http://www6.in.tum.deMainResearchAgast}}
}

%LIBRO DE LA BIOMETRIA DACTILAR
@book{maltoni2009handbook,
  title     ={Handbook of fingerprint recognition},
  author    ={Maltoni, Davide and Maio, Dario and Jain, Anil K and Prabhakar, Salil},
  year      ={2009},
  publisher ={Springer Science \& Business Media}
}

%DEFINICION DEL DESCRIPTOR HOG
@misc{mcconnell1986method,
  title     = {Method of and apparatus for pattern recognition},
  author    = {McConnell, Robert K},
  year      = {1986},
  month     = {jan},
  publisher = {Google Patents},
  note      = {US Patent 4,567,610}
}

%DETECTA EL MORPHING BASANDOSE EN LA PERDIDA DE CALIDAD QUE SE PEODUCE ANALIZANDO LA COMPRESIÑON JPG
@InProceedings{makrushin2018generalized,
  author       = {Makrushin, Andrey and Kraetzer, Christian and Neubert, Tom and Dittmann, Jana},
  title        = {Generalized Benford's Law for Blind Detection of Morphed Face Images},
  booktitle    = {Proceedings of the 6th ACM Workshop on Information Hiding and Multimedia Security},
  year         = {2018},
  pages        = {49--54},
  organization = {ACM},
}

%RECOPILATORIO DE MAD 
@inproceedings{makrushin2018overview,
  title={An overview of recent advances in assessing and mitigating the face morphing attack},
  author={Makrushin, Andrey and Wolf, Andreas},
  booktitle={2018 26th European Signal Processing Conference (EUSIPCO)},
  pages={1017--1021},
  year={2018},
  organization={IEEE}
}

%DETECTA MORPHING MEDIANTE SVM Y DCT ANALIZADO LA DIFERENCA distributions of Benford  EN LA COMPRESION DE UNA IAMGEN CON MORPHING Y OTRA SIN MOSPHING (AutomaticGeneration)
@InProceedings{makrushin2017automatic,
  author    = {Makrushin, Andrey and Neubert, Tom and Dittmann, Jana},
  title     = {Automatic Generation and Detection of Visually Faultless Facial Morphs},
  booktitle = {VISIGRAPP (6 VISAPP)},
  year      = {2017},
  pages     = {39--50},
}

%DETECION DE PAD DE ATAQUES CON MASCARAS DE SILICONA (MascarasSilicona)
@Article{manjani2017detecting,
  author    = {Manjani, Ishan and Tariyal, Snigdha and Vatsa, Mayank and Singh, Richa and Majumdar, Angshul},
  title     = {Detecting silicone mask-based presentation attack via deep dictionary learning},
  journal   = {IEEE Transactions on Information Forensics and Security},
  year      = {2017},
  volume    = {12},
  number    = {7},
  pages     = {1713--1723},
  publisher = {IEEE},
}

%ANALISISTIS DE LOS DISTINTOS TIPO DE ATAQUES A LA BIOMETRIA DACTIALAR Y METODOS DE PAD
@article{marasco2015survey,
  title         ={A survey on antispoofing schemes for fingerprint recognition systems},
  author        ={Marasco, Emanuela and Ross, Arun},
  journal       ={ACM Computing Surveys (CSUR)},
  volume        ={47},
  number        ={2},
  pages         ={28},
  year          ={2015},
  publisher     ={ACM}
}

%LIBRO DE BIOMETRIA
@Book{marcel2014handbook,
  title     = {Handbook of biometric anti-spoofing},
  publisher = {Springer},
  year      = {2014},
  author    = {Marcel, S{'e}bastien and Nixon, Mark S and Li, Stan Z},
  volume    = {1},
}

%LIBRO DE BIOMETRIA
@Book{marcel2019handbook,
  title     = {Handbook of biometric anti-spoofing},
  publisher = {Springer},
  year      = {2019},
  author    = {Marcel, S{'e}bastien and Nixon, Fierrez J, Evans N},
  volume    = {1},
}

%PRESENTACION DE LA BASE DE DATOS AR (ARDatabase)
@Article{martinez1998ar,
  author  = {Martinez, Aleix M},
  title   = {The AR face database},
  journal = {CVC Technical Report24},
  year    = {1998},
}

%ANALIZA LOS SITEMAS BIOMETRICOS Y DEFINE UN PROTOCOLO DE EVALUACION DSTO
@article{mansfield2002best,
  title     ={Best practices in testing and reporting performance of biometric devices},
  author    ={Mansfield, Anthony J and Wayman, James L},
  year      ={2002},
  publisher ={Centre for Mathematics and Scientific Computing, National Physical~…},
  journal   ={IEEE T INF FOREN SEC},
}

%RECOCIMIENTO DEL IRIS EN MOVIMIENTO 
@article{matey2006iris,
  title         ={Iris on the move: Acquisition of images for iris recognition in less constrained environments},
  author        ={Matey, James R and Naroditsky, Oleg and Hanna, Keith and Kolczynski, Ray and LoIacono, Dominick J and Mangru, Shakuntala and Tinker, Michael and Zappia, Thomas M and Zhao, Wenyi Y},
  journal       ={Proceedings of the IEEE},
  volume        ={94},
  number        ={11},
  pages         ={1936--1947},
  year          ={2006},
  publisher     ={IEEE}
}

%RECONOCIMIENTO FACIAL ON THE MOVE onthefly
@InProceedings{mckenna1997non,
  author       = {McKenna, Stephen J and Gong, Shaogang},
  title        = {Non-intrusive person authentication for access control by visual tracking and face recognition},
  booktitle    = {International Conference on Audio-and Video-Based Biometric Person Authentication},
  year         = {1997},
  pages        = {177--183},
  organization = {Springer},
}

%INFORME DE INMIGRACION DE LA COMISION EUROPEA 2018
@techreport{migration2018report,
  author        = {European Commission},
  title         = {Managing Migration in all its Aspects: Progress under the European Agenda on Migration},
  institution   = {European Commission},
  year          = {2018},
  type          = {Report},
  number        = {798},
  howpublished  ="\url{https://ec.europa.eu/commission/sites/beta-political/files/eu-communication-migration-euco-04122018_en_1.pdf}",
  note          ="[Online: accessed 14-Oct-2019]"
}

%DEFINCION DEL INDICE BRISQUE PARA MEDIR LA CALIDAD DE LAS IMAGENES (IndiceBRISQUE)
@InProceedings{mittal2011blind,
  author       = {Mittal, Anish and Moorthy, Anush K and Bovik, Alan C},
  title        = {Blindreferenceless image spatial quality evaluator},
  booktitle    = {2011 conference record of the forty fifth asilomar conference on signals, systems and computers (ASILOMAR)},
  year         = {2011},
  pages        = {723--727},
  organization = {IEEE},
}

%PAGINA PROYECTO MOBILEPASS
@Misc{MobilePassOnline,
  author       = {MobilePass},
  title        = {MobilePass FP7 research project},
  howpublished = {url:{http://www.mobilepass-project.eu}},
  year         = {2014},
  urldate      = {2017},
}

%PAGINA DE LA EMPRESA MODENTITY
@Misc{ModentityOnline,
  author       = {Modentity-KIRAS},
  title        = {MobilePass},
  howpublished = {url:{http://www.kiras.at}},
  year         = {2013},
  urldate      = {2018},
}

%PAGINA DE LA EMPRESA MODI
@Misc{MODIOnline,
  author       = {MODI},
  title        = {MODI-Vision for identification},
  howpublished = {url:{http://www.modivision.net}},
  year         = {2018},
  urldate      = {2018},
}

%SEGURIDAD EN SISTEMAS ABC
@article{morosan2018information,
  title     ={Information Disclosure to Biometric E-gates: The Roles of Perceived Security, Benefits, and Emotions},
  author    ={Morosan, Cristian},
  journal   ={Journal of Travel Research},
  volume    ={57},
  number    ={5},
  pages     ={644--657},
  year      ={2018},
  publisher ={Sage Publications Sage CA: Los Angeles, CA}
}

%HISTORIA DE LOS ABCS HistoriaABC
@TechReport{monnerat2007machine,
  author      = {Monnerat, Jean and Vaudenay, Serge and Vuagnoux, Martin},
  title       = {About machine-readable travel documents},
  institution = {Springer},
  year        = {2007},
}

%PAGINA DE MORPHEUS PROGRAMA PARA HACER MORPHING
@Misc{MorpheusOnline,
  author  = {MorpheusSoftware},
  title   = {Morpheus Photo Morpher},
  date    = {2007},
  url     = {url:{http://www.morpheussoftware.net}},
  version = {v3.17},
}

%PAGINA DE morphthing PROGRAMA PARA HACER MORPHING
@Misc{MorphThingOnline,
  author  = {MorphThing},
  title   = {Morphthing},
  date    = {2019},
  url     = {url:{http://www.morphthing.com}},
  version = {online},
}

%USO DE BIOMETRIA PLAMAR CON LA GEOMETRIA DE LA MANO EN ISRRAEL
@techreport{nanavati2011biometric,
  title={Biometric Border Security Evaluation Framework (Biometrique Cadre D'evaluation de la Securite des Frontieres)},
  author={Nanavati, Raj},
  year={2011},
  institution={INTERNATIONAL BIOMETRIC GROUP NEW YORK NY}
}

%DETECTA EL MORPHING CON DESCRIPTORES ESPACIAONES COMO e SIFT O SURF, Y ANALIZA LA PERDIDA DE PRECISION EN LA DETECCION CON LA COMPRESION JPEG
@InProceedings{neubert2017face,
  author       = {Neubert, Tom},
  title        = {Face morphing detection An approach based on image degradation analysis},
  booktitle    = {International Workshop on Digital Watermarking},
  year         = {2017},
  pages        = {93--106},
  organization = {Springer},
}

%PATENTE PARA LA LECTURA DE PASAPORTES
@misc{nguon2017system,
  title     ={System and method of border detection on a document and for producing an image of the document},
  author    ={Nguon, Robert and Lundberg, Justin and Swanson, Eric R},
  year      ={2017},
  month     =aug # "~8",
  publisher={Google Patents},
  note      ={US Patent 9,729,744}
}

%CONTROL DE FRONTERAS EN MEXICCO 
@article{nieto2014walls,
  title         ={Walls, sensors and drones: Technology and surveillance on the US-Mexico border},
  author        ={Nieto-Gomez, Rodrigo},
  journal       ={Borders, Fences and Walls: State of Insecurity},
  pages         ={191--210},
  year          ={2014}
}

%PARA HACER FRENTE A ATAQUES NO CONTEMPLADOS, CON VARIAS BASES DE DATOS
@InProceedings{nikisins2018effectiveness,
  author       = {Nikisins, Olegs and Mohammadi, Amir and Anjos, André and Marcel, Sébastien},
  title        = {On effectiveness of anomaly detection approaches against unseen presentation attacks in face anti-spoofing},
  booktitle    = {2018 International Conference on Biometrics (ICB)},
  year         = {2018},
  pages        = {75--81},
  organization = {IEEE},
}

%PAGINA DE NUKE PROGRAMA PARA HACER MORPHING
@Misc{NukeOnline,
  author  = {foundry},
  title   = {Nuke},
  date    = {2016},
  url     = {url:{http://www.foundry.comproductsnuke}},
  version = {NukeX},
}

%HABLA POR PRIMERA VEZ DE LBP Y EVALUA LA CALIDAD DEL DESCRIPTOR LBP
@Article{ojala1996comparative,
  author    = {Ojala, Timo and Pietik{a}inen, Matti and Harwood, David},
  title     = {A comparative study of texture measures with classification based on featured distributions},
  journal   = {Pattern recognition},
  year      = {1996},
  volume    = {29},
  number    = {1},
  pages     = {51--59},
  publisher = {Elsevier},
}

%DEFICION DEL DESCRIPTOR LBP DescriptorLBP
@InProceedings{ojala2000gray,
  author       = {Ojala, Timo and Pietik{a}inen, Matti and M{a}enp{a}{a}, Topi},
  title        = {Gray scale and rotation invariant texture classification with local binary patterns},
  booktitle    = {European Conference on Computer Vision},
  year         = {2000},
  pages        = {404--420},
  organization = {Springer},
}

%PAGINA DE LA ONU
@Misc{ONUOnline,
  author       = {ONU},
  title        = {Naciones Unidas},
  howpublished = {url:{https://www.un.org/}},
  year         = {2020},
  urldate      = {2020},
}

%ANALIZA POR QUE LOS USARIOS SON RETICENTES A USAR LOS SISTEMAS abc
@inproceedings{oostveen2014non,
  title         ={Non-use of automated border control systems: identifying reasons and solutions},
  author        ={Oostveen, Anne-Marie},
  booktitle     ={Proceedings of the 28th International BCS Human Computer Interaction Conference on HCI 2014-Sand, Sea and Sky-Holiday HCI},
  pages         ={228--233},
  year          ={2014},
  organization  ={BCS}
}

%Pagina OpenCV
@Misc{openCVOnline,
  author       = {OpenCV},
  title        = {OpceCV},
  howpublished = {url:{https://opencv.org/}},
  year         = {2020},
  urldate      = {2020},
}

%PAPER PROPIO DE ATAQUES DE MORPHING EN SISTEMAS ABC
@article{ortega2020border,
  title={Border Control Morphing Attack Detection With a Convolutional Neural Network De-Morphing Approach},
  author={Ortega-Delcampo, David and Conde, Cristina and Palacios-Alonso, Daniel and Cabello, Enrique},
  journal={IEEE Access},
  volume={8},
  pages={92301--92313},
  year={2020},
  publisher={IEEE}
}

%PAPER PROPIO DE SSTEMAS ONTHEFY
@article{ortega2020dynamic,
  title     ={Dynamic facial presentation attack detection for automated border control systems},
  author    ={Ortega, David and Fern{\'a}ndez-Isabel, Alberto and de Diego, Isaac Mart{\'\i}n and Conde, Cristina and Cabello, Enrique},
  journal   ={Computers \& Security},
  volume    ={92},
  pages     ={101744},
  year      ={2020},
  publisher ={Elsevier}
}

%PRESENTA LOS PROBLEMAS DE LA BIOMETREIA DEL IRIS EN LOS SITEMAS ABC
@inproceedings{palmer2012ten,
  title         ={Ten reasons why IRIS needed 20: 20 foresight: Some lessons for introducing biometric border control systems},
  author        ={Palmer, Anthony J and Hurrey, Chris},
  booktitle     ={2012 European Intelligence and Security Informatics Conference},
  pages         ={311--316},
  year          ={2012},
  organization  ={IEEE}
}

%DETECCION DE ATAQUES CON LIVENESS DE PARAPAEO EN WEBCAM (LivenessEyeblink)
@InProceedings{pan2007eyeblink,
  author       = {Pan, Gang and Sun, Lin and Wu, Zhaohui and Lao, Shihong},
  title        = {Eyeblink-based anti-spoofing in face recognition from a generic webcamera},
  booktitle    = {2007 IEEE 11th International Conference on Computer Vision},
  year         = {2007},
  pages        = {1--8},
  organization = {IEEE},
}

%ANALISIS DE PAD CON CARACTERISTICAS ESPACIO TEMPORALES USA LBP Y CNN
@InProceedings{pan2019spatio,
  author       = {Pan, Shi and Deravi, Farzin},
  title        = {Spatio-Temporal Texture Features for Presentation Attack Detection in Biometric Systems},
  booktitle    = {2019 Eighth International Conference on Emerging Security Technologies (EST)},
  year         = {2019},
  pages        = {1--6},
  organization = {IEEE},
}

%RECONOCIMIENTO FACIAL CON DEEP LEARNING VGG_face
@InProceedings{parkhi2015deep,
  author    = {Parkhi, Omkar M and Vedaldi, Andrea and Zisserman, Andrew and others},
  title     = {Deep face recognition.},
  booktitle = {bmvc},
  year      = {2015},
  volume    = {1},
  pages     = {6},
}

%DEMORPHING CON REDES CONVOLUCIONALES DGAN 
@Article{peng2019fd,
  author    = {Peng, Fei and Zhang, Le-Bing and Long, Min},
  title     = {FD-GAN Face De-Morphing Generative Adversarial Network for Restoring Accomplice’s Facial Image},
  journal   = {IEEE Access},
  year      = {2019},
  volume    = {7},
  pages     = {75122--75131},
  publisher = {IEEE},
}

%ALGORIMO DE FUSIÓN PARA PEGAR EL RECORTE DE LA CARA SIN UN RECORTE DURO EN EL MORPHING 
@incollection{perez2003poisson,
  title         ={Poisson image editing},
  author        ={P{\'e}rez, Patrick and Gangnet, Michel and Blake, Andrew},
  booktitle     ={ACM SIGGRAPH 2003 Papers},
  pages         ={313--318},
  year          ={2003},
  publisher     = {ACM},
  volume        = {22},
  isbn          = {1581137095},
}

%PRESENTACION DE LA BASE DE DATOS (FRGCDatabase)
@InProceedings{phillips2005overview,
  author       = {Phillips, P Jonathon and Flynn, Patrick J and Scruggs, Todd and Bowyer, Kevin W and Chang, Jin and Hoffman, Kevin and Marques, Joe and Min, Jaesik and Worek, William},
  title        = {Overview of the face recognition grand challenge},
  booktitle    = {2005 IEEE computer society conference on computer vision and pattern recognition (CVPR'05)},
  year         = {2005},
  volume       = {1},
  pages        = {947--954},
  organization = {IEEE},
}

%PAPER QUE PRESENTA LA BASE DE DATOS DE FERET (FeretDatabase)
@Article{phillips1998feret,
  author    = {Phillips, P Jonathon and Wechsler, Harry and Huang, Jeffery and Rauss, Patrick J},
  title     = {The FERET database and evaluation procedure for face-recognition algorithms},
  journal   = {Image and vision computing},
  year      = {1998},
  volume    = {16},
  number    = {5},
  pages     = {295--306},
  publisher = {Elsevier},
}

%PAGINA DEL PROYECTO EUROPERO
@Misc{PIDaaSOnline,
  author       = {ICT Policy Support Programme of the European},
  title        = {PIDaaS(Private Identity as a Service)},
  howpublished = {url:{http://www.pidaas.eu}},
  year         = {2014},
  urldate      = {2018},
}

%RECONOCIMIENTO FACIAL EN MOVIMIENTO
@inproceedings{raghavendra2013robust,
  title         ={Robust “On-the-Fly” person identification using Sparse Representation},
  author        ={Raghavendra, Ramachandra and Yang, Bian and Busch, Christoph},
  booktitle     ={2013 IEEE International Conference on Multimedia and Expo Workshops (ICMEW)},
  pages         ={1--4},
  year          ={2013},
  organization  ={IEEE}
}

%CDETECION DEL MORPHING CON BSIF Y CON SVM (antes RaghavendraBSIF_SVMMorp)
@InProceedings{raghavendra2016Detecting,
  author    = {R. {Raghavendra} and K. B. {Raja} and C. {Busch}},
  title     = {Detecting morphed face images},
  booktitle = {2016 IEEE 8th International Conference on Biometrics Theory, Applications and Systems (BTAS)},
  year      = {2016},
  pages     = {1-7},
}

%DETECCION DEL MORPHING CON LBP Y SVM. dIFEREA ENTRE MORPHING Y MEZCLA DE CARAS, TAMBIEN PRUEBA A PRINT AND SCAN
%DETECCION DE ATAQUES (PADPhotoAttackDiferentPrinter)
@InProceedings{raghavendra2017face,
  author    = {Raghavendra, R and Raja, Kiran B and Venkatesh, Sushma and Busch, Christoph},
  title     = {Face presentation attack detection by exploring spectral signatures},
  booktitle = {Proceedings of the IEEE Conference on Computer Vision and Pattern Recognition Workshops},
  year      = {2017},
  pages     = {170--177},
}

%DETECION DE ATAQUES DE MORPHING CON CNN PRUEBA CON IMAGENES IMPRESAS Y ESCANEADAS
@inproceedings{raghavendra2017transferable,
  title         ={Transferable deep-cnn features for detecting digital and print-scanned morphed face images},
  author        ={Raghavendra, Ramachandra and Raja, Kiran B and Venkatesh, Sushma and Busch, Christoph},
  booktitle     ={2017 IEEE Conference on Computer Vision and Pattern Recognition Workshops (CVPRW)},
  pages         ={1822--1830},
  year          ={2017},
  organization  ={IEEE}
}

%DETECCION DE ATAQUES DE PERESRNACION EN BIOMETRIA OCULAR
@inproceedings{raja2016color,
  title         ={Color adaptive quantized patterns for presentation attack detection in ocular biometric systems},
  author        ={Raja, Kiran B and Raghavendra, Ramachandra and Busch, Christoph},
  booktitle     ={Proceedings of the 9th International Conference on Security of Information and Networks},
  pages         ={9--15},
  year          ={2016},
  organization  ={ACM}
}

%RECOPILATORIO SOBRE ATAQUES DE PRESENTACION article{SurveyPAD2017,
@Article{ramachandra2017presentation,
  author    = {Ramachandra, Raghavendra and Busch, Christoph},
  title     = {Presentation attack detection methods for face recognition systems A comprehensive survey},
  journal   = {ACM Computing Surveys (CSUR)},
  year      = {2017},
  volume    = {50},
  number    = {1},
  pages     = {8},
  publisher = {ACM},
}

%ANALISIS DE DISTINTOS ALGORIMOS DE MAS, REDES, LBP ETC.. EN EL AMBITO DE LOS ABCs
@InProceedings{ramachandra2019towards,
  author       = {Ramachandra, Raghavendra and Venkatesh, Sushma and Raja, Kiran and Busch, Christoph},
  title        = {Towards making Morphing Attack Detection robust using hybrid Scale-Space Colour Texture Features},
  booktitle    = {2019 IEEE 5th International Conference on Identity, Security, and Behavior Analysis (ISBA)},
  year         = {2019},
  pages        = {1--8},
  organization = {IEEE},
}

%PRESENTA MEJORAS DE SEGURIDAD EN SISTEMAS BIOMETRICOS (MejoraSeguridadSistemasBiometricos)
@Article{ratha2001enhancing,
  author    = {Ratha, Nalini K. and Connell, Jonathan H. and Bolle, Ruud M.},
  title     = {Enhancing security and privacy in biometrics-based authentication systems},
  journal   = {IBM systems Journal},
  year      = {2001},
  volume    = {40},
  number    = {3},
  pages     = {614--634},
  publisher = {IBM},
}

%MORPHING CON EL IRIS
@InProceedings{rathgeb2017feasibility,
  author       = {Rathgeb, Christian and Busch, Christoph},
  title        = {On the feasibility of creating morphed iris-codes},
  booktitle    = {2017 IEEE International Joint Conference on Biometrics (IJCB)},
  year         = {2017},
  pages        = {152--157},
  organization = {IEEE},
}

%PAGINA DE LA EMPRESA que fabrica mascaras 3D de silicona
@Misc{RealFleshMaskhOnline,
  author       = {RealFleshMask},
  title        = {RealFleshMask},
  howpublished = {url:{http://www.realfleshmasks.com}},
  year         = {2018},
  urldate      = {2018},
}

%PAGINA DE LA EMPRESA que fabrica mascaras 3D de silicona
@Misc{RealSenseOnline,
  author       = {Intel},
  title        = {Intel RealSense},
  howpublished = {url:{https://www.intel.es/content/www/es/es/architecture-and-technology/realsense-overview.html}},
  year         = {2018},
  urldate      = {2020},
}

%DETECCION DE ATAQUES CON FOTO ANALIZANDO EL MOVIMIENTO DE LOS OJOS
@article{rigas2015eye,
  title     ={Eye movement-driven defense against iris print-attacks},
  author    ={Rigas, Ioannis and Komogortsev, Oleg V},
  journal   ={Pattern Recognition Letters},
  volume    ={68},
  pages     ={316--326},
  year      ={2015},
  publisher ={Elsevier}
}

%ARTICULO QUE DEMUESTRA LA DIFICULTAD PARA DETECTAR EL MORPHING DE CARA (HUMANOS) 
@Article{robertson2018detecting,
  author    = {Robertson, David J and Mungall, Andrew and Watson, Derrick G and Wade, Kimberley A and Nightingale, Sophie J and Butler, Stephen},
  title     = {Detecting morphed passport photos a training and individual differences approach},
  journal   = {Cognitive research principles and implications},
  year      = {2018},
  volume    = {3},
  number    = {1},
  pages     = {27},
  publisher = {SpringerOpen},
}

%ARTICULO SOBRE ANAMORFOSIS E IMAGENES DOBLES EN EL ARTE
@Book{rodrigo2011anamorfosis,
  title     = {Anamorfosis el ángulo mágico},
  publisher = {Universitat de Valéncia},
  year      = {2011},
  author    = {Rodrigo, María Gómez},
}

%LIBRO RECOPILATORIO SObRE LA MULTIBIOMETRIA
@book{ross2006handbook,
  title     ={Handbook of multibiometrics: human recognition systems},
  author    ={Ross, Arun A and Nandakumar, Karthik and Jain, Anil K},
  year      ={2006},
  publisher ={Springer}
}

%DEFINICION DEL DESCRIPTOR FAST
@InProceedings{rosten2006machine,
  author       = {Rosten, Edward and Drummond, Tom},
  title        = {Machine learning for high-speed corner detection},
  booktitle    = {European conference on computer vision},
  year         = {2006},
  pages        = {430--443},
  organization = {Springer},
}

%IMPLEMENNTACION DE FACENET
@misc{SandbergFaceNet,
  author    = {David Sandberg},
  title     = {Public re-implementation of FaceNet,  Accessed on: March 3, 2020. [Online]},
  url       = {https://github.com/davidsandberg/facenet},
  date      = {2020},
}

%ANLAIZA LOS FACTORES A TENER EN CUANTA EN LOS SISTEMAS BIOMETRICOS PARA ADAPTAR SU USABILIDAD A PERSONAS DE EDAD AVANZADAS
@article{sasse2013usable,
  title     ={Usable biometrics for an ageing population},
  author    ={Sasse, M Angela and Krol, Kat},
  year      ={2013},
  month     = {09},
  journal   = {Age Factors in Biometric Processing},
  publisher ={IET}
}

%Schengen Borders Cod CODIDO DE FORNTERAS SCHENGEN
@Article{SBCode2016,
  author  = {European Parliament},
  title   = {Schengen Borders Code},
  journal = {Official Journal of the European Union},
  year    = {2016},
  volume  = {32016R0399}
}

%MDETECTA EL MORPHING CON DOS IMAGENES. BUSCA LANDAMARK FACIALES EN LAS DOS IMAGENESES Y VERICA SI  HAY LANDAMAR DUPLICADOS morphingConLandamark,
@InProceedings{scherhag2018detecting,
  author       = {Scherhag, Ulrich and Budhrani, Dhanesh and Gomez-Barrero, Marta and Busch, Christoph},
  title        = {Detecting morphed face images using facial landmarks},
  booktitle    = {International Conference on Image and Signal Processing},
  year         = {2018},
  pages        = {444--452},
  organization = {Springer},
}

%ANALIZA LOS ATAQUES DE MORPHIN Y PROPONE MEDIDAS PARA VALORAR REALEMNTE EL IMPAATO EN LOS SISTEMAS DE RECONOMIENTO FACIAL. (IAPMR, MMPMR) - mciScherhag2017
@InProceedings{scherhag2017biometric,
  author       = {Scherhag, Ulrich and Nautsch, Andreas and Rathgeb, Christian and Gomez-Barrero, Marta and Veldhuis, Raymond NJ and Spreeuwers, Luuk and Schils, Maikel and Maltoni, Davide and Grother, Patrick and Marcel, Sebastien and others},
  title        = {Biometric systems under morphing attacks Assessment of morphing techniques and vulnerability reporting},
  booktitle    = {2017 International Conference of the Biometrics Special Interest Group (BIOSIG)},
  year         = {2017},
  pages        = {1--7},
  organization = {IEEE},
}

%RECOPILATORIO SOBRE MORPHING QUE PONE DE MANIFIESTO LA DIFICUALTA QUE SUPONE DETECTAR ESTE TIPO DE ATAQUE
@InProceedings{scherhag2017vulnerability,
  author       = {Scherhag, Ulrich and Raghavendra, R and Raja, Kiran B and Gomez-Barrero, Marta and Rathgeb, Christian and Busch, Christoph},
  title        = {On the vulnerability of face recognition systems towards morphed face attacks},
  booktitle    = {2017 5th International Workshop on Biometrics and Forensics (IWBF)},
  year         = {2017},
  pages        = {1--6},
  organization = {IEEE},
}

%DETECTA EL MORPHING PROBANDO CON DISTINTOS ALGORTMOS Y DISTINTAS BASES DE DATOS
@InProceedings{scherhag2018performance,
  author       = {Scherhag, Ulrich and Rathgeb, Christian and Busch, Christoph},
  title        = {Performance variation of morphed face image detection algorithms across different datasets},
  booktitle    = {2018 International Workshop on Biometrics and Forensics (IWBF)},
  year         = {2018},
  pages        = {1--6},
  organization = {IEEE},
}

%DETECCION DEL MORPHING CON UNA SOLA IMAGEN MEZCLANDO ALGORIMTOS
@InProceedings{scherhag2018morph,
  author       = {Scherhag, Ulrich and Rathgeb, Christian and Busch, Christoph},
  title        = {Morph detection from single face image A multi-algorithm fusion approach},
  booktitle    = {Proceedings of the 2018 2nd International Conference on Biometric Engineering and Applications},
  year         = {2018},
  pages        = {6--12},
  organization = {ACM},
}

%DETECION DEL MORPHING EN ABC APOLLANDOSE EN QUE TIENE DOS IMAGENS (presentacion RESULTADOS CHULOS) MorphingTravelDocument
@InProceedings{scherhag2018towards,
  author       = {Scherhag, Ulrich and Rathgeb, Christian and Busch, Christoph},
  title        = {Towards detection of morphed face images in electronic travel documents},
  booktitle    = {2018 13th IAPR International Workshop on Document Analysis Systems (DAS)},
  year         = {2018},
  pages        = {187--192},
  organization = {IEEE},
}

%RECOPILATIRO SOBRE MORPHING MorphingSurvey, 
@Article{scherhag2019face,
  author    = {Scherhag, Ulrich and Rathgeb, Christian and Merkle, Johannes and Breithaupt, Ralph and Busch, Christoph},
  title     = {Face recognition systems under morphing attacks A survey},
  journal   = {IEEE Access},
  year      = {2019},
  volume    = {7},
  pages     = {23012-23026},
  publisher = {IEEE},
}

%DETECCION DE ATAQUES DE MORPHING CON DEMORPHING Y CNN 
@article{scherhag2020deep,
  title={Deep Face Representations for Differential Morphing Attack Detection},
  author={Scherhag, Ulrich and Rathgeb, Christian and Merkle, Johannes and Busch, Christoph},
  journal={arXiv preprint arXiv:2001.01202},
  year={2020}
}

%RECONOCIMIENTO FACIAL CON FACENET CREANDO EMBEDDING CON REDES SIAMESAS
@InProceedings{schroff2015facenet,
  author    = {Schroff, Florian and Kalenichenko, Dmitry and Philbin, James},
  title     = {Facenet A unified embedding for face recognition and clustering},
  booktitle = {Proceedings of the IEEE conference on computer vision and pattern recognition},
  year      = {2015},
  pages     = {815--823},
}

%Detección de los ataques de morphing analizando la reflexión y la luminosidad de las imágenes.
@InProceedings{seibold2018reflection,
  author       = {Seibold, Clemens and Hilsmann, Anna and Eisert, Peter},
  title        = {Reflection analysis for face morphing attack detection},
  booktitle    = {2018 26th European Signal Processing Conference (EUSIPCO)},
  year         = {2018},
  pages        = {1022--1026},
  organization = {IEEE},
}

%dDETECCION DEL MORPHING CON CNN, AUMENTANDO LOS DATOS DE ENTREEMIENTO CON MODIFICACIONES
@Article{seibold2018accurate,
  author  = {Seibold, Clemens and Samek, Wojciech and Hilsmann, Anna and Eisert, Peter},
  title   = {Accurate and robust neural networks for security related applications exampled by face morphing attacks},
  journal = {arXiv preprint arXiv1806.04265},
  year    = {2018},
}

%PRUEBA DISITNTAS ARQUITECTURAS DE REDES NEURONALES PARA LA DETECION DEL MORPHING MorphingDeepLearning,
@InProceedings{seibold2017detection,
  author       = {Seibold, Clemens and Samek, Wojciech and Hilsmann, Anna and Eisert, Peter},
  title        = {Detection of face morphing attacks by deep learning},
  booktitle    = {International Workshop on Digital Watermarking},
  year         = {2017},
  pages        = {107--120},
  organization = {Springer},
}

%USO DE DESCRIPTOR HOG PARA RECONOCMIENTO FACIAL
@Article{shu2011histogram,
  author    = {Shu, Chang and Ding, Xiaoqing and Fang, Chi},
  title     = {Histogram of the oriented gradient for face recognition},
  journal   = {Tsinghua Science and Technology},
  year      = {2011},
  volume    = {16},
  number    = {2},
  pages     = {216--224},
  publisher = {TUP},
}


%DETECCION DE ATAQUES DE PRESENTACION MEDIANTE METODOS DE RETO-RESPUESTA
@inproceedings{shoukry2015pycra,
  title         ={Pycra: Physical challenge-response authentication for active sensors under spoofing attacks},
  author        ={Shoukry, Yasser and Martin, Paul and Yona, Yair and Diggavi, Suhas and Srivastava, Mani},
  booktitle     ={Proceedings of the 22nd ACM SIGSAC Conference on Computer and Communications Security},
  pages         ={1004--1015},
  year          ={2015},
  organization  ={ACM}
}

%PAGINA DE SILUETE PROGRAMA PARA HACER MORPHING
@Misc{SilhouetteFXOnline,
  author  = {SilhouetteFX},
  title   = {SilhouetteFX},
  date    = {2019},
  url     = {url:{http://www.foundry.comproductsnuke}},
  version = {v7},
}

%DESCRIPCION DE LA ARQUITECTURA VGG19
@Article{simonyan2014very,
  author  = {Simonyan, Karen and Zisserman, Andrew},
  title   = {Very deep convolutional networks for large-scale image recognition},
  journal = {arXiv preprint arXiv1409.1556},
  year    = {2014},
}

%PRESENTA LA VENTAJAS DE UN SISTEMA BIOMETRICO MULTIMODAL Y PRESENTA DISITNAS TECNICAS DE FUSIÓN DE LA INFORAMCION BIOMETRICA
@inproceedings{snelick2003multimodal,
  title         ={Multimodal biometrics: issues in design and testing},
  author        ={Snelick, Robert and Indovina, Mike and Yen, James and Mink, Alan},
  booktitle     ={Proceedings of the 5th international conference on Multimodal interfaces},
  pages         ={68--72},
  year          ={2003},
  organization  ={ACM}
}

%DETECCION DE ATAQUES EN HUELLAS DACTILARES RECOPILATORIO
@article{sousedik2014presentation,
  title     ={Presentation attack detection methods for fingerprint recognition systems: a survey},
  author    ={Sousedik, Ctirad and Busch, Christoph},
  journal   ={Iet Biometrics},
  volume    ={3},
  number    ={4},
  pages     ={219--233},
  year      ={2014},
  publisher ={IET}
}

%PAGINA DE LA EMPRESA que fabrica mascaras 3D de silicona
@Misc{spfxmaskOnline,
  author       = {SPF X mask},
  title        = {SPF X mask},
  howpublished = {url:{http://www.spfxmasks.com}},
  year         = {2018},
  urldate      = {2018},
}

%ANALISIS DEL RECONIMIENTO FACIAL CON PASAPORTES Y PASAJEROS REALES EN EL AEROPUERTO DE SCHIPOL, EN AMSTERDAM
@inproceedings{spreeuwers2012evaluation,
  title         ={Evaluation of automatic face recognition for automatic border control on actual data recorded of travellers at Schiphol Airport},
  author        ={Spreeuwers, Luuk J and Hendrikse, Anne J and Gerritsen, KJ},
  booktitle     ={2012 BIOSIG-Proceedings of the International Conference of Biometrics Special Interest Group (BIOSIG)},
  pages         ={1--6},
  year          ={2012},
  organization  ={IEEE}
}

%DETECTA EL MORPHING Y VERIFICA QEU AL ANÑADIR RUIDO  REESCANAR U OSCURECER EL DETETARO FUNCIONA PEOR MorphingPAD_LBP_SVM
@InProceedings{spreeuwers2018towards,
  author       = {Spreeuwers, Luuk and Schils, Maikel and Veldhuis, Raymond},
  title        = {Towards robust evaluation of face morphing detection},
  booktitle    = {2018 26th European Signal Processing Conference (EUSIPCO)},
  year         = {2018},
  pages        = {1027--1031},
  organization = {IEEE},
}

%RECONOCIMIENTO FACIAL DINAMICO BASADO EN TEXTURAS
@incollection{tiwari2016dynamic,
  title     ={Dynamic texture recognition: a review},
  author    ={Tiwari, Deepshika and Tyagi, Vipin},
  booktitle ={Information Systems Design and Intelligent Applications},
  pages     ={365--373},
  year      ={2016},
  publisher ={Springer}
}

%LIBRO SOBRE SISTEMAS BIOMETRICOS
@book{ted2008biometric,
  title     ={Biometric System and Data Analysis: Design, Evaluation, and Data Mining},
  author    ={Ted, Dunstone and Yager, Neil},
  year      ={2008},
  publisher ={Springer}
}

%PAGINA DE LA EMPRESA que imprime las mascaras 3D
@Misc{ThatsMyFaceOnline,
  author       = {ThatsMyFace},
  title        = {ThatsMyFace},
  howpublished = {url:{http://www.thatsmyface.com}},
  year         = {2018},
  urldate      = {2018},
}

%DETECCION DE FIRMAS FALSAS, CONSIDERA LA FALSIFICACIÓN DE LA FIRMA UN ATAQUE DE PRESENTACION
@incollection{tolosana2019presentation,
  title     ={Presentation Attacks in Signature Biometrics: Types and Introduction to Attack Detection},
  author    ={Tolosana, Ruben and Vera-Rodriguez, Ruben and Fierrez, Julian and Ortega-Garcia, Javier},
  booktitle ={Handbook of Biometric Anti-Spoofing},
  pages     ={439--453},
  year      ={2019},
  publisher ={Springer}
}

%EL PRIMER ESTUDIO QUE USA LOS EIGENFACE PARA CLASIFICAR CARAS
@inproceedings{turk1991face,
  title         ={Face recognition using eigenfaces},
  author        ={Turk, Matthew A and Pentland, Alex P},
  booktitle     ={Proceedings. 1991 IEEE Computer Society Conference on Computer Vision and Pattern Recognition},
  pages         ={586--591},
  year          ={1991},
  organization  ={IEEE}
}

%PRIMER ARTICULO QUE PRESENTA EL MORPHING COMO UN EFECTO VISUAL
@Article{ucicr1992feature,
  author  = {Ucicr, Tluuldcus},
  title   = {Feature-based image metamorphosis},
  journal = {Computer graphics},
  year    = {1992},
  volume  = {26},
  pages   = {2},
}


%PNORMATIVA ERUOPEA SOBRE EL SISTEMA ETIAS
@article{union2018directiveETIAS,
  title     ={Regulation (EU) 2018/1241 of the European Parliament and of the Council of 12 September 2018 amending Regulation (EU) 2016/794 for the purpose of establishing a European Travel Information and Authorisation System (ETIAS) .},
  author    ={European Union},
  journal   ={Official Journal of the European Union},
  volume=   {61},
  pages     ={1-236},
  year      ={2018}
}

%INFORME DE FRONTERAS DE REINO UNIDO 2017
@TechReport{ukborder2017audit,
  author        = {A. Morse},
  title         = {The UK Border},
  institution   = {National Audit Office},
  year          = {2017},
  type          = {Report},
  howpublished  = "\url{https://www.nao.org.uk/wp-content/uploads/2017/10/The-UK-border.pdf}",
  note          ="[Online: accessed 14-Oct-2019]"
}

%PAGINA DE LA UNIVERSIDAD REY JUAN CARLOS
@Misc{urjcOnline,
  author       = {URJC},
  title        = {Universidad Rey Juan Carlos},
  howpublished = {url:{https://www.urjc.es/}},
  year         = {2020},
  urldate      = {2020},
}

%AALGORTIMO DE DETECCION DE CADA VIOLA JONES
@article{viola2004robust,
  title         ={Robust real-time face detection},
  author        ={Viola, Paul and Jones, Michael J},
  journal       ={International journal of computer vision},
  volume        ={57},
  number        ={2},
  pages         ={137--154},
  year          ={2004},
  publisher     ={Springer}
}

%PAGINA DE LA EMPRESA VISIONBOX
@Misc{visionBoxOnline,
  author       = {Vision Box},
  title        = {Vision Box},
  howpublished = {url:{http://www.vision-box.com}},
  year         = {2018},
  urldate      = {2018},
}

%DETECTA EL MORPHING USANDO CARACTERISICAS DE UN RECNOCEDOR FACIAL CNN
@InProceedings{wandzik2018morphing,
  author       = {Wandzik, Lukasz and Kaeding, Gerald and Garcia, Raul Vicente},
  title        = {Morphing detection using a general-purpose face recognition system},
  booktitle    = {2018 26th European Signal Processing Conference (EUSIPCO)},
  year         = {2018},
  pages        = {1012--1016},
  organization = {IEEE},
}

%ANALISIS DE LOS PRINCIPALES METODOS DE ANTISPOOFING
@TechReport{wei2013biometrics,
  title         ={Biometrics in ABC: counter-spoofing research},
  author        ={Wei, Hong and Chen, Lulu and Ferryman, James},
  year          ={2013},
  institution   ={FastPass Project},
}

%PAGINA DE WINMORPH PARA HACER MORPHINGS
@Misc{WinMorphOnline,
  author  = {Satish Kumar},
  title   = {WinMorph},
  date    = {2019},
  url     = {url:{http://www.debugmode.comwinmorph}},
  version = {3.01},
}

%RECOPILATORIO DE CONTRUCION DEL MORPHING EN IMAGENES
@Article{wolberg1998image,
  author    = {Wolberg, George},
  title     = {Image morphing a survey},
  journal   = {The visual computer},
  year      = {1998},
  volume    = {14},
  number    = {8},
  pages     = {360--372},
  publisher = {Springer},
}

%RECONOCIMIENTO FACIAL ENTRENADO CON LA BASE DE DATOS DE YOUTUBE
@Book{wolf2011face,
  title     = {Face recognition in unconstrained videos with matched background similarity},
  publisher = {IEEE},
  year      = {2011},
  author    = {Wolf, Lior and Hassner, Tal and Maoz, Itay},
}

%DESCRIPCION DETALLADA DE LA CONTRUCION Y DE LA PROBLEMATICA DEL MORPHING
@Article{wu2011face,
  author  = {Wu, Jonathan},
  title   = {Face recognition jammer using image morphing},
  journal = {Dept. Elect. Comput. Eng., Boston Univ., Boston, MA, USA, Tech. Rep. ECE-2011},
  year    = {2011},
}

%BASE DE DATOS DE CASIA
@article{yi2014learning,
  title     = {Learning face representation from scratch},
  author    = {Yi, Dong and Lei, Zhen and Liao, Shengcai and Li, Stan Z},
  journal   = {arXiv preprint arXiv:1411.7923},
  year      = {2014}
}

%DETECCION DEL PAD CON REDES CNNLSM
@InProceedings{xu2015learning,
  author       = {Xu, Zhenqi and Li, Shan and Deng, Weihong},
  title        = {Learning temporal features using LSTM-CNN architecture for face anti-spoofing},
  booktitle    = {2015 3rd IAPR Asian Conference on Pattern Recognition (ACPR)},
  year         = {2015},
  pages        = {141--145},
  organization = {IEEE},
}

%SE SATA LOS DETECTORES DE VIDA PARA DESBLOQUEAR MÓVILES
@inproceedings{xu2016virtual,
  title={Virtual u: Defeating face liveness detection by building virtual models from your public photos},
  author={Xu, Yi and Price, True and Frahm, Jan-Michael and Monrose, Fabian},
  booktitle={25th $\{$USENIX$\}$ Security Symposium ($\{$USENIX$\}$ Security 16)},
  pages={497--512},
  year={2016}
}

%DEFINICION DE LAS CAPAS DE DECONVOLUCION
@inproceedings{zeiler2010deconvolutional,
  title         =   {Deconvolutional networks},
  author        =   {Zeiler, Matthew D and Krishnan, Dilip and Taylor, Graham W and Fergus, Rob},
  booktitle     =   {2010 IEEE Computer Society Conference on computer vision and pattern recognition},
  pages         =   {2528--2535},
  year          =   {2010},
  organization  =   {IEEE}
}

%DETECTA EL MORPHING CON SVM APOLLANDOSE EN FS-SPN (FURIER ESPECTRO)
@InProceedings{zhang2018face,
  author       = {Zhang, Le-Bing and Peng, Fei and Long, Min},
  title        = {Face morphing detection using Fourier spectrum of sensor pattern noise},
  booktitle    = {2018 IEEE International Conference on Multimedia and Expo (ICME)},
  year         = {2018},
  pages        = {1--6},
  organization = {IEEE},
}

%DETECCION DEL PAD PROBANDO EN VARIAS BASES DE DATOS (BaseDeDatosSpoofConMultiplesAtaques)
@InProceedings{zhang2012face,
  author       = {Zhang, Zhiwei and Yan, Junjie and Liu, Sifei and Lei, Zhen and Yi, Dong and Li, Stan Z},
  title        = {A face antispoofing database with diverse attacks},
  booktitle    = {2012 5th IAPR international conference on Biometrics (ICB)},
  year         = {2012},
  pages        = {26--31},
  organization = {IEEE},
}

%RECOPILATORIO DE RECONOCIMIENTO FACIAL
@Article{zhao2003face,
  author    = {Zhao, Wenyi and Chellappa, Rama and Phillips, P Jonathon and Rosenfeld, Azriel},
  title     = {Face recognition A literature survey},
  journal   = {ACM computing surveys (CSUR)},
  year      = {2003},
  volume    = {35},
  number    = {4},
  pages     = {399--458},
  publisher = {ACM},
}